1768 2978
301 452 499 534 vunernno

60 692 74 731 li
89 691 138 739 soli,
154 693 190 742 qui
206 692 245 741 ipsi
264 694 333 733 conati
356 696 405 733 sunt
426 693 518 742 aliquam
542 696 622 742 partem
646 693 795 743 philosophiae

5 757 74 798 Sancti
90 756 203 806 Augustini
218 758 307 798 seorsim
324 771 438 808 exponere,
454 770 518 808 quam
534 759 623 799 arduum
635 761 661 799 sit
671 759 794 799 huiusmodi

6 835 61 873 opus
76 822 202 873 intelligent.
219 824 269 863 Non
280 825 337 864 enim
353 836 390 874 per
405 827 475 873 partes
487 828 510 879 et
524 825 658 873 systematice
668 825 722 865 solet
733 824 795 864 Sanc-

3 892 39 929 tus
54 888 197 936 Doctor,‘sed
213 889 276 929 veluti
292 891 358 930 totam
375 892 467 930 mentem
484 903 552 937 suam,
569 890 595 930 de
610 902 652 939 qua
667 903 688 930 re
703 902 796 939 cumque

6 965 79 1004 agens,
96 954 199 1003 proferre.
216 955 292 1003 Neque
307 956 370 995 etiam
386 955 517 1004 speculando
532 955 641 995 dumtaxat
656 955 796 1005 philosopho-

5 1031 52 1059 rum
75 1030 135 1058 more
156 1020 292 1068 quaestiones
310 1020 382 1069 agitat,
398 1020 436 1060 sed
451 1012 541 1067 orando,
564 1021 708 1069 corripiendo,
731 1020 796 1060 corda

6 1084 173 1132 commovendo,
192 1087 292 1133 tanquam
308 1086 340 1124 vir
354 1084 488 1126 Christianus
498 1086 542 1134 qui,
555 1087 575 1125 in
586 1097 653 1134 regno
664 1086 743 1135 gratiae
753 1084 796 1125 col-

6 1150 95 1197 locatus
112 1161 158 1189 eam
174 1150 263 1190 salutem
280 1162 334 1199 quae
349 1151 370 1190 in
385 1150 472 1190 Christo
483 1153 514 1191 est
524 1150 587 1191 rebus
598 1151 699 1191 omnibus
709 1153 796 1199 antepo-

6 1215 43 1255 nit.
60 1215 141 1255 Moriva
156 1207 227 1264 itaque
243 1213 370 1264 personalia,
386 1215 462 1262 ethica,
479 1216 578 1265 religiosa
596 1219 699 1265 perpetuo
715 1216 735 1255 in
751 1211 796 1262 ejus

6 1280 90 1330 scriptis
105 1281 204 1327 emicant,
221 1280 355 1335 modumque
373 1283 455 1329 ponunt
470 1292 513 1330 quo
529 1280 661 1330 problemata
678 1283 795 1321 versantur.

6 1337 57 1393 Quo
72 1345 96 1385 iit
111 1347 134 1385 ut
148 1348 217 1385 textus
231 1345 258 1385 'ad
274 1357 317 1385 rem
333 1346 427 1386 nostram
448 1345 539 1386 maxime
560 1348 687 1395 spectantes,
704 1347 729 1386 iis
743 1345 796 1385 locis

6 1410 63 1451 haud
78 1422 126 1466 raro
142 1412 275 1451 inveniantur
285 1411 363 1460 quibus
373 1411 470 1460 quaestio
481 1412 545 1460 longe
556 1411 596 1451 alia
606 1414 691 1460 agarum
703 1412 795 1460 itemque

6 1479 29 1516 ut
43 1477 107 1516 etiam
122 1475 158 1516 ubi
174 1475 222 1516 data
238 1488 304 1525 opera
318 1477 345 1529 de
360 1467 483 1525 cognitione
499 1477 590 1523 disserit,
606 1477 704 1516 materies
721 1475 795 1515 crebro

7 1541 93 1581 inducat
107 1553 162 1590 quae
177 1554 188 1581 a
203 1553 271 1590 scopo
286 1542 385 1582 videntur
395 1553 441 1581 esse
451 1541 600 1581 alienissimae.
613 1542 676 1582 Unde
686 1541 796 1590 angustiae

7 1617 97 1655 magnae
106 1605 127 1645 in
136 1606 240 1655 excerptis
248 1606 364 1655 seligendis
374 1609 395 1650 et
405 1605 557 1646 distribuendis
565 1605 605 1646 sub
613 1607 675 1646 certis
683 1605 795 1655 capitibus.

60 1670 102 1711 Sed
120 1672 217 1720 proiecto
238 1672 287 1720 quia
308 1672 472 1721 epistemologia
491 1671 603 1721 Augustini
625 1684 662 1720 per
680 1674 712 1712 tot
731 1683 797 1720 opera

6 1749 80 1786 sparsa
94 1739 126 1777 est
141 1740 161 1778 et
176 1738 262 1777 inventu
284 1736 339 1778 adeo
359 1737 459 1784 ditiicilis,
478 1749 521 1777 non
540 1737 612 1777 inutile
627 1737 673 1777 tore
688 1737 796 1777 aestimavi

6 1805 76 1843 textus
100 1804 227 1853 praecipuos
251 1802 352 1852 colligere
374 1806 394 1842 et
416 1803 482 1843 modo
506 1803 642 1852 systematico
666 1814 795 1852 proponere,

7 1862 89 1909 etiamsi
106 1869 187 1918 integra
202 1869 294 1909 auctoris
310 1869 406 1909 doctrina
416 1869 496 1917 aliquid
507 1868 556 1908 inde
567 1868 687 1909 detrimenti
699 1869 796 1918 patiatur.

8 1932 98 1991 Scholae
113 1934 219 1984 imprimis
227 1934 362 1990 necessitates
371 1946 419 1974 cum
429 1946 478 1983 prae
489 1934 557 1974 oculis
565 1933 674 1981 haberem,
686 1934 747 1983 plura
758 1945 796 1982 po-

7 1993 48 2039 tius
64 1999 141 2039 indicia
156 2002 179 2050 et
191 1999 268 2039 auxilia
283 1999 459 2040 adferenda-esse
474 2000 546 2039 censui
562 2001 626 2048 quam
643 2000 754 2048 pauciora;
770 1999 798 2038 ita

7 2065 80 2103 tameri
94 2065 117 2103 ut
131 2064 188 2104 nulla
205 2058 308 2104 «thesis»
324 2064 350 2104 de
365 2076 414 2104 vera
429 2067 499 2103 mente
517 2062 630 2112 Augustini
647 2064 666 2103 in
682 2063 798 2112 questioni-

7 2126 47 2178 bus
55 2127 217 2169 obscurioribus
226 2128 348 2168 inculcetur.
356 2127 422 2175 Quod
430 2128 447 2167 si
457 2127 509 2167 duas
517 2127 632 2176 aliquando
640 2128 755 2167 sententias
764 2139 798 2175 pa-

8 2203 53 2232 rum
76 2196 219 2241 congruentes
242 2192 336 2241 prolerre
358 2192 448 2238 videtur,
465 2192 505 2232 loci
521 2204 546 2232 ex
561 2194 650 2240 utraque
665 2194 724 2241 parte
741 2192 798 2231 citati

7 2259 63 2305 sunt,
79 2257 115 2304 -ii
132 2258 224 2298 maxime
239 2257 265 2297 ad
281 2269 336 2306 quos
350 2257 419 2298 solent
435 2257 559 2305 interpretes
575 2268 700 2305 provocare.

61 2323 139 2363 Textus
154 2326 186 2364 est
201 2323 388 2364 benedictinorum
404 2322 473 2362 Sancti
484 2322 561 2368 Mauri,
574 2324 637 2370 prout
647 2334 658 2361 a
669 2323 743 2361 Mrorve
754 2333 799 2361 ree-

8 2387 64 2429 ditus
75 2389 96 2428 in
107 2388 230 2438 Patrologia
241 2389 320 2436 latina,
330 2389 390 2428 cuius
401 2390 471 2428 tamen
483 2387 684 2436 interpunctionem,
694 2387 726 2427 vel
735 2387 798 2427 etiam

7 2453 97 2493 modum
112 2454 218 2502 quaedam
233 2452 297 2493 verba
312 2452 426 2499 scribendi,
438 2463 481 2491 non
493 2452 623 2491 adamussim
639 2463 686 2491 sum
704 2454 797 2491 secutus.

9 2517 31 2557 ln
46 2518 99 2568 locis
114 2518 185 2559 dubiis
200 2518 297 2558 consului
314 2516 357 2564 (ubi
373 2514 447 2562 exstat>
463 2518 541 2557 textum
565 2515 756 2556 Vindobonensem
780 2518 801 2555 et

8 2582 189 2624 Teubnerianum.
202 2583 273 2623 Dubia
283 2583 353 2633 aliqua
363 2582 461 2631 graviora
472 2581 592 2621 indicantur
600 2581 663 2629 signo
672 2582 754 2621 asterici
766 2578 799 2627 (Ἴ.
