1768 2978
309 89 338 124 20.
351 107 358 114 -
371 96 398 124 oe
411 95 502 125 aunone
515 93 619 124 turenroar

68 211 69 214 ’
90 212 92 215 ’
112 209 158 267 De
175 204 303 258 Trrn.·'xlv;
318 208 363 258 viti,
376 212 402 250 'll
420 209 478 257 (vera
498 204 575 258 imago*
587 207 626 248 'SSss
646 208 755 248 Trinitatis
774 220 818 249 non
838 207 858 252 in

70 276 157 316 scientia
172 273 278 325 appareti:
294 276 340 316 Nec
354 277 408 317 sicut
422 275 488 316 tiebat
497 274 530 315 vel
541 273 664 324 apparebat,
680 274 768 323 quando
783 274 810 315 de
825 276 858 318 illa

70 342 157 382 scientia
175 342 339 389 disserebamus,
356 343 397 382 ianr
413 343 433 382 in
449 342 542 381 hominis
553 340 659 381 interioris
669 339 771 392 operibus
781 340 858 383 consti·

70 410 122 455 tuta,
138 419 193 456 quae
208 407 358 456 distinguenda
368 408 408 447 tuit
422 420 434 452 a
448 407 562 456 sapientia:
579 406 635 446 unde
646 418 701 455 quae
711 406 814 455 sciuntur,
826 409 858 449 vel

71 473 185 513 adventitia
200 474 283 513 suntin
299 474 379 521 animo,
395 473 439 513 sive
454 472 577 522 cognitione
592 471 692 512 historica
703 471 766 519 illata,
778 474 801 512 ut
811 477 859 515 sunt

70 539 125 579 tacta
140 541 160 578 et
175 539 230 578 dicta
245 550 299 588 quae
314 541 411 588 tempore
426 540 556 588 peraguntur
566 539 587 578 et
596 539 698 585 traseunt,
710 536 742 577 vel
754 538 774 577 in
785 541 858 581 natura

72 616 142 644 rerum
152 605 196 644 suis
206 604 259 644 locis
269 606 289 643 et
300 604 423 653 regionibus
434 604 548 644 constituta
558 604 614 658 sunt,
625 603 670 642 sive
681 604 701 642 in
713 603 760 651 ipso
771 602 858 646 homine

71 681 126 719 quae
140 681 184 709 non
199 672 258 709 erant
268 669 372 717 oriuntur,
388 671 423 709 aut
437 668 483 709 aliis
498 667 633 721 docentibus,
645 670 680 708 aut
690 668 858 717 cogitationibus

72 736 172 785 propriis,
187 736 242 775 sicut
256 734 318 783 tides,
334 735 528 784 quamplurimum
544 734 565 774 in
579 732 635 774 libro
654 733 702 774 Xlli
721 736 859 776 commenda·

72 803 151 849 vimus;
167 803 221 842 sicut
232 802 326 849 virtutes,
338 800 415 850 quibus
425 801 442 841 si
453 811 515 840 verae
525 802 574 840 sunt
587 800 608 839 in
622 799 661 839 trac
671 800 799 840 mortalitate
810 801 858 842 ideo

72 867 127 908 bene
141 868 217 908 vivitur
231 870 254 907 ut
268 867 329 907 beate
344 867 365 907 in
381 858 415 915 illa
430 878 484 916 quae
499 866 600 906 divinitus
610 866 740 915 promittitur
750 867 859 908 immorta-

68 934 130 974 -titate
145 934 233 973 vivatur.
250 933 309 973 ilaec
323 935 386 981 atque
397 931 520 972 huiusmodi
531 931 610 972 babent
620 932 641 971 in
651 933 749 981 tempore
760 932 858 988 ordinem

73 1010 143 1046 suum,
160 999 180 1038 in
195 1009 239 1047 quo
254 997 316 1038 nobis
331 998 412 1038 trinitas
422 998 546 1044 memoriae.
558 997 646 1037 visionis
657 999 677 1037 et
687 998 767 1037 amoris
777 997 859 1039 facilius

73 1064 195 1112 apparebat.
204 1064 259 1104 Nam
270 1063 375 1112 quaedam
386 1074 460 1103 eorum
472 1063 610 1111 praeveniunt
619 1063 766 1111 cognitionem
777 1063 858 1115 discen-

72 1130 134 1169 tium.
150 1128 202 1169 Sunt
217 1130 272 1169 enim
288 1120 442 1177 cognoscibilia
452 1131 472 1168 et
482 1130 772 1177 antequam-cognoscantur,
783 1130 864 1178 suique¹

73 1195 218 1244 cognitionem
234 1196 255 1235 in
270 1194 400 1241 discentibus
414 1195 512 1243 gignunt.
524 1193 576 1234 Sunt
586 1197 657 1234 autem
668 1194 701 1234 vel
712 1194 733 1233 in
743 1194 796 1234 locis
806 1196 857 1242 suis,

73 1260 106 1300 vel
121 1272 175 1309 qnae
190 1263 286 1310 tempore
298 1260 459 1309 praeterierunt:
470 1260 568 1309 quamvis
578 1271 633 1309 quae
644 1260 804 1308 praeterierunt,
816 1272 858 1300 non

73 1327 119 1375 ipsa
133 1327 181 1373 sint,
197 1325 235 1365 sed
250 1337 324 1366 eorum
339 1325 444 1374 quaedam
459 1326 520 1374 signa
535 1326 705 1374 praeteritorum,
721 1325 799 1374 quibus
809 1326 859 1366 visis

74 1391 106 1431 vel
121 1391 198 1431 auditis
215 1392 371 1440 cognoscantur
388 1390 452 1430 luisse
466 1382 613 1430 vel'transisse
628 1388 657 1436 (v.
673 1403 695 1440 g.
711 1394 858 1438 monumenta,

73 1456 154 1496 litterae
169 1456 211 1496 tide
227 1457 311 1505 dignae,
327 1457 472 1496 testimonium
488 1448 525 1496 ore
539 1456 648 1503 traditum,
665 1454 723 1502 etc).

122 1588 142 1612 a.
155 1578 185 1614 De
194 1578 264 1623 duplici
274 1577 338 1613 olticio
348 1577 430 1622 rationis
439 1577 469 1613 cui
478 1577 616 1623 correspondet
625 1577 720 1614 distinctio
729 1577 777 1614 inter
785 1579 859 1625 sapien-

73 1631 118 1667 tiam
132 1633 149 1666 et
162 1631 265 1673 scientiam
278 1630 301 1667 ct.
314 1642 371 1676 supra
384 1629 414 1674 12,
428 1630 450 1666 ii.
464 1631 518 1669 Ratio
531 1631 609 1667 interior
621 1642 632 1666 a
645 1629 745 1676 superiori,
758 1631 788 1667 cui
801 1631 859 1668 inser-

73 1684 112 1720 vire
125 1684 187 1728 debet,
200 1684 262 1720 dri
235 1686 262 1720 er
274 1685 384 1729 praesertim
397 1684 507 1730 dupliciter:
520 1684 564 1729 tine,
577 1684 610 1730 qui
624 1686 690 1720 est
660 1687 690 1720 ac
691 1695 716 1729 ιο
725 1696 765 1721 non
774 1687 859 1721 contem

74 1738 165 1781 plati03e
155 1737 266 1781 etobiecto‚
280 1737 374 1797 siquidem
388 1738 485 1773 mutabilia
497 1737 573 1783 respicit
585 1738 621 1773 et'
616 1749 635 1773 rn
648 1738 812 1784 temporeposita.
821 1738 859 1784 ipsi

74 1791 137 1837 itaque
150 1791 230 1836 pertinet
242 1790 305 1827 omnis
318 1791 402 1851 cognitio
415 1791 508 1836 historica,
522 1793 540 1827 et
553 1791 638 1837 cognitio
649 1791 705 1828 virtut
706 1802 739 1827 um
752 1803 802 1838 quae
815 1792 859 1828 lruic

73 1844 122 1880 vitae
134 1846 178 1880 sunt
191 1845 284 1889 propriae,
297 1856 314 1880 v.
327 1855 345 1889 g.
358 1844 429 1881 virtutis
442 1844 493 1880 fidei.
510 1845 541 1880 De
555 1845 605 1881 Trin.
619 1846 659 1889 xli,
673 1846 705 1889 xii,
719 1847 752 1881 17:
767 1860 775 1875 «
785 1845 859 1884 Rationi

74 1899 137 1932 autem
146 1897 238 1932 *scientiae
251 1898 345 1942 appetitus
357 1898 430 1934 vicinus
443 1900 479 1933 est:
492 1898 651 1943 quandoquidem
664 1898 689 1934 de
701 1898 748 1944 ipsis
757 1898 859 1944 corporali·

74 1950 115 1994 busy
129 1960 178 1995 quae
190 1960 247 1985 sensu
261 1950 345 1996 corporis
358 1951 469 1995 sentiuntur,
482 1950 604 1987 ratiocinatur
612 1962 634 1987 ea
645 1962 695 1997 quae
704 1952 783 1988 scientia
792 1952 860 1988 dicitur

75 2003 164 2046 actionis3
177 2003 193 2038 si
205 2003 260 2045 bene,
273 2005 294 2038 ut
306 2014 348 2039 eam
361 2004 447 2040 notitiam
460 2004 527 2040 referat
536 2004 627 2040 adfinem
637 2016 694 2041 suum
704 2005 762 2049 boni;
772 2005 787 2041 si
796 2007 859 2041 autem

75 2057 129 2100 mate,
142 2058 162 2091 ut
174 2057 200 2092 eis
213 2056 285 2092 truatur
300 2059 397 2102 tamquam
415 2057 495 2094 honis».
509 2058 539 2093 De
556 2058 596 2094 eius
615 2058 694 2103 ambitu,
713 2058 812 2095 cleliam
829 2058 860 2094 De

76 2109 145 2153 Quant.
158 2110 195 2146 An.
208 2110 273 2153 xxxiii
286 2111 309 2146 72
322 2109 354 2155 (de
366 2111 421 2147 tertio
434 2111 494 2161 gradu
507 2111 595 2156 animae),
609 2112 642 2149 uhi
655 2123 724 2149 omnes
737 2114 818 2149 arteset
810 2112 859 2174 tdi·

75 2162 163 2208 sciplinas
176 2163 219 2208 prot
220 2173 265 2198 anas
278 2164 379 2209 complecti
391 2164 470 2200 videtur.

123 2213 144 2250 b.
158 2216 226 2251 Parum
243 2217 335 2253 incumbit
351 2217 395 2253 Α.’
390 2228 409 2252 rn
427 2218 573 2263 explicationem
590 2218 647 2255 huius
664 2219 742 2255 rationis
759 2219 859 2264 interioris,

71 2278 133 2327 v'quarn
145 2269 197 2313 parvi
210 2269 281 2314 pendit,
293 2271 384 2330 tanquam
397 2270 454 2307 rebus
467 2281 501 2316 per
513 2282 534 2307 se
542 2271 641 2308 inutilibus
651 2272 769 2317 deditamt
751 2274 769 2308 et
777 2283 860 2333 pronam

74 2320 93 2355 in
106 2321 125 2356 id
139 2322 159 2356 nt
171 2332 182 2357 a
195 2322 293 2358 rebust
263 2324 293 2357 aet
294 2323 343 2358 ernis
356 2323 454 2359 hominem
466 2325 555 2360 avertat'
549 2336 569 2360 ιιι
582 2325 678 2361 sensibilia
688 2325 724 2361 et
718 2336 737 2360 rn
749 2336 770 2362 se
782 2325 859 2371 ipsum;

73 2373 105 2408 De
120 2374 169 2410 Trin.
182 2375 222 2419 Xll,
235 2375 260 2420 xi,
270 2375 303 2412 16:
318 2375 384 2412 Cum
393 2388 443 2412 enrm
445 2378 545 2423 neglecta
553 2378 629 2415 cantate
638 2378 742 2428 saprentrae
751 2389 802 2425 quae
811 2389 860 2416 sem

75 2436 109 2471 per
121 2427 189 2463 eodem
202 2429 262 2464 modo
275 2431 344 2473 manet,
357 2428 498 2476 concupiscitur
510 2430 588 2467 scientia
601 2442 625 2468 ex
634 2433 772 2469 mutabiliumt
764 2435 860 2479 tempora·

75 2479 160 2525 liumque
173 2476 309 2527 experimento,
291 2482 379 2527 oinllat‚
367 2485 432 2519 tnon
445 2484 540 2527 aedilicat;
548 2484 577 2521 ιιι
580 2487 714 2532 praegravatus
721 2497 797 2522 animus
805 2496 860 2532 quasi

75 2533 160 2576 pondere
173 2534 294 2570 suoabeati
281 2535 360 2571 udrne
369 2536 446 2581 expelli
447 2547 491 2572 ur
477 2537 566 2574 Habet
558 2540 656 2574 ttamen«
665 2541 683 2575 et
691 2539 770 2575 screntra
779 2539 860 2575 modum

75 2595 131 2621 suum
144 2585 250 2631 honum,
236 2598 251 2623 sr
264 2588 335 2632 quod'
330 2599 349 2624 ιιι
362 2594 385 2624 ea
399 2588 452 2625 inllat
444 2591 492 2626 tvel
506 2590 572 2627 inflare
587 2585 663 2636 assolet,
680 2594 801 2629 aeternorum
814 2591 860 2628 cari·
