1768 2978
281 47 298 82 7.
314 66 321 72 -
338 55 365 83 oe
378 56 459 86 vrsroue
472 59 588 91 CORPORull
803 58 824 91 21

41 169 92 221 quid
107 169 128 208 in
144 167 219 217 oculiS,
242 168 322 208 aerium
344 171 502 213 serenissimum
518 176 538 214 et
553 174 717 216 mobilissimum
736 177 756 216 in
774 178 827 217 auri-

40 237 114 282 bus...‚
130 233 174 283 agit
189 232 241 273 haec
256 234 326 274 anima
341 246 389 275 cum
407 237 484 286 quiete,
500 240 516 278 si
532 251 556 279 ea
571 252 625 288 quae
636 241 707 281 insunt
717 242 738 281 in
748 242 828 282 unitate

41 299 174 345 valetudinis,
191 298 250 348 quasi
266 298 363 339 familiari
378 301 469 349 quadam
485 305 626 344 consensione
640 308 755 345 cesserunt.
771 305 827 346 Cum

41 369 110 407 autem
126 363 255 404 adhibentur
269 375 293 404 ea
308 376 363 413 quae
377 367 486 415 nonnulla,
502 371 525 408 ut
540 369 567 409 ita
582 369 658 417 dicam,
670 371 772 411 alteritate
782 383 828 412 cor-

41 443 80 482 pus
102 429 205 477 afliciunt,
229 431 305 470 exserit
326 432 449 472 attentiores
466 434 567 481 actiones,
583 436 626 474 suis
641 435 761 485 quibusque
775 436 828 476 locis

41 500 104 546 atque
114 495 260 535 instrumentis
270 496 431 537 accomodatas:
447 501 497 538 tunc
507 499 585 546 videre,
598 500 629 539 vel
641 500 721 547 audire,
733 501 765 540 vel
777 501 828 540 olia-

40 573 95 607 cere,
107 560 139 600 vel
151 562 243 608 gustare.
255 559 288 600 vel
298 561 407 609 tangendo
421 563 498 603 sentire
513 564 599 610 dicitur;
618 563 695 612 quihus
710 564 829 605 actionibus

41 636 136 674 congrua
156 624 246 664 libenter
264 626 362 673 associat,
381 628 401 665 et
419 627 508 668 moleste
521 628 613 672 ,obsistit
634 630 765 677 incongruis.
784 629 828 668 llas

41 691 177 740 operationes
195 690 330 739 passionibus
340 693 437 739 corporis
448 695 500 743 puto
510 692 602 732 animam
614 692 712 733 exhibere
723 692 770 733 cum
782 706 829 734 sen·

41 757 72 802 tit,
88 766 131 794 non
147 753 233 794 easdem
249 755 359 802 passiones
374 756 475 805 recipere.

97 821 128 860 ll.
144 818 200 859 Cum
216 831 268 868 ergo
284 820 305 859 id
320 820 379 868 quod
394 821 414 860 in
425 832 452 860 eo
467 821 564 861 membro
581 818 645 869 [aure]
657 822 726 862 simile
741 826 772 863 est
786 823 828 863 aeri

42 887 153 926 moveatur
167 896 215 926 aere
231 896 340 934 percusso,
352 886 444 926 animam
460 886 525 933 illam,
541 898 595 935 quae
610 889 658 926 ante
673 888 735 927 istum
751 899 828 927 sonum

42 951 98 993 uitali
114 953 174 992 motu
189 951 210 990 in
225 950 310 991 silentio
325 962 403 1002 corpus
418 952 500 992 aurium
516 951 634 1001 vegetabat,
657 964 707 992 num
730 956 830 1002 putamus

42 1025 124 1058 cessare
139 1028 203 1066 posse
218 1016 244 1056 ab
259 1028 325 1066 opere
340 1017 440 1057 movendi
455 1018 514 1066 quod
531 1018 617 1065 animat,
629 1019 665 1058 aut
674 1018 751 1058 eodem
763 1018 829 1059 modo

43 1094 129 1123 movere
146 1084 280 1123 commotum
298 1082 427 1123 extrinsecus
441 1094 511 1123 aerem
527 1083 582 1123 auris
597 1094 655 1130 suae,
671 1095 714 1132 quo
730 1083 830 1124 movebat

43 1152 156 1198 antequam
179 1148 213 1189 ille
233 1148 354 1189 illaberetur
372 1149 477 1189 sonusi...
499 1149 545 1189 Hos
564 1152 634 1189 autem
655 1150 715 1190 aliter
734 1161 828 1197 movere,

43 1226 114 1254 nonne
128 1214 239 1254 latendum
254 1217 286 1255 est
295 1212 370 1264 facere
384 1227 437 1262 esse,
453 1227 497 1254 non
511 1214 574 1264 part?

98 1281 129 1319 12.
146 1279 193 1319 Hae
207 1282 256 1320 sunt
266 1280 402 1329 operationes
412 1291 465 1329 quas
475 1279 561 1320 adhibet
571 1280 642 1320 anima
653 1279 828 1329 praecedentibus

44 1345 179 1395 passionibus
196 1346 300 1395 corporis,
312 1358 366 1395 quae
377 1345 481 1386 delectant
496 1357 542 1386 eam
557 1346 705 1393 associantem,
717 1346 829 1387 offendunt

43 1412 184 1452 resistentem.
206 1411 262 1451 Cum
285 1415 355 1452 autem
371 1412 397 1452 ab
412 1412 492 1452 eisdem
507 1413 551 1452 suis
568 1411 728 1460 operationibus
749 1412 828 1460 aliquid

44 1477 128 1525 patitur,
145 1489 156 1517 a
171 1478 241 1527 seipsa
257 1478 341 1527 patitur,
357 1489 401 1517 non
416 1490 427 1517 a
442 1489 543 1526 corpore;
557 1476 594 1517 sed
606 1476 667 1526 plane
677 1488 725 1516 cum
736 1488 759 1516 se
768 1488 829 1522 acco·

44 1541 117 1581 modat
131 1532 225 1592 corpofri.
242 1543 267 1583 Et
282 1543 331 1583 ideo
346 1543 403 1592 apud
417 1542 509 1592 seipsam
528 1543 598 1581 minus
620 1544 658 1588 est.
681 1542 730 1589 quia
752 1537 829 1590 corpus

44 1618 129 1655 semper
143 1608 214 1648 minus
228 1613 293 1657 quam
309 1608 354 1657 ipsa
369 1610 408 1648 est.

99 1672 205 1726 13.,Sicut‘
219 1675 251 1713 est
265 1673 351 1713 allectio
370 1674 467 1722 corporis
488 1684 543 1721 quae
564 1673 642 1712 sanitas
664 1672 750 1711 dicitur:
773 1671 831 1711 nulla

44 1737 124 1786 quippe
146 1739 262 1778 attentione
284 1741 356 1778 nostra
373 1749 428 1787 opus
440 1732 575 1785 'hahetnon
593 1737 642 1786 quia
657 1736 709 1776 nibil
723 1738 774 1776 tunc
788 1736 831 1785 agit

45 1802 114 1842 anima
129 1803 150 1842 in
165 1814 264 1852 corpore,
280 1802 318 1843 sed
332 1804 382 1851 quia
397 1802 448 1842 nihil
463 1801 545 1842 facilius
560 1802 611 1851 agit.
720 1803 722 1806 '

100 1869 131 1908 15.
148 1867 204 1909 Cum
226 1869 291 1917 igitur
312 1869 382 1918 ipsum
397 1869 475 1909 sentire
490 1879 576 1907 movere
591 1867 617 1906 sit
632 1878 710 1916 corpus
731 1866 832 1906 adversus

46 1931 103 1971 illum
120 1935 202 1973 motum
218 1933 254 1982 qui
270 1934 291 1972 in
306 1945 332 1973 eo
347 1932 415 1976 lactus
425 1935 464 1979 est,
475 1944 547 1972 nonne
562 1932 669 1971 existimas
680 1931 729 1971 ideo
739 1943 779 1972 nos
789 1942 832 1971 non

45 1997 122 2037 sentire
137 2009 185 2038 cum
201 2010 250 2039 ossa
265 2001 285 2038 et
300 1990 383 2047 ungues
398 2000 418 2038 et
432 1998 501 2046 capilli
517 1999 639 2037 secantur...
656 1997 705 2045 quia
723 1997 793 2048 minus
809 1995 833 2035 li-

45 2060 97 2102 bero
112 2075 160 2103 aere
175 2066 319 2113 penetrantur,
336 2063 410 2104 mobili
425 2063 505 2103 scilicet
519 2061 667 2102 elemento...?

44 2158 48 2162 -
98 2128 133 2168 De
148 2128 202 2169 Oen.
218 2129 248 2168 ad
260 2129 302 2169 Lit.
318 2129 364 2176 Xll,
379 2129 421 2176 xvi,
438 2129 473 2168 33:
496 2130 568 2167 tamen
583 2126 672 2167 eandem
688 2128 722 2166 eiu
738 2122 832 2175 [objecti]

47 2190 161 2240 imaginem
177 2205 220 2233 non
235 2205 315 2242 corpus
329 2189 350 2233 in
365 2193 448 2241 spiritu,
464 2192 501 2232 sed
512 2193 557 2240 ipse
568 2191 654 2240 spiritus
665 2191 686 2231 in
696 2191 767 2240 seipso
784 2190 834 2230 tacit

46 2256 152 2298 celeritate
162 2258 261 2305 mirabili,
273 2270 328 2307 quae
338 2257 473 2298 ineffabiliter
483 2257 547 2305 longe
558 2259 589 2296 est
599 2268 611 2296 a
621 2257 718 2304 corporis
725 2255 833 2301 tarditate;

46 2322 106 2369 cuius
117 2323 189 2372 imago
200 2336 251 2364 mox
265 2326 288 2363 ut
298 2323 366 2363 oculis
377 2323 445 2362 visum
456 2322 526 2368 fuerit,
538 2321 559 2360 in
569 2321 645 2370 spiritu
655 2320 746 2360 videntis
756 2319 834 2360 nullius

47 2388 118 2432 puncti
134 2389 237 2437 temporis
253 2388 415 2437 interpositione
429 2387 541 2426 iormatur.

100 2453 157 2500 xxiii,
172 2455 206 2495 49.
222 2453 289 2501 Quod
304 2455 374 2494 autem
390 2464 446 2492 nunc
461 2452 567 2492 insinuare
577 2452 627 2491 satis
637 2450 735 2497 arbitror,
753 2452 834 2490 certum

47 2519 78 2556 est
92 2529 139 2559 esse
153 2519 285 2569 spiritualem
296 2518 411 2568 quamdam
423 2520 518 2557 naturam
530 2517 550 2556 in
561 2515 631 2562 nobis.
639 2515 679 2555 'ubi
690 2515 834 2569 corporalium
