1768 2978
244 49 272 85 17.
285 68 292 75 -
305 56 339 85 rra
349 53 445 88 'cousrar
458 60 517 89 ueuu
530 60 575 89 essu
777 54 802 90 49

15 180 55 210 nec
69 170 97 210 ita
112 169 252 210 essedebere
266 171 379 220 quisquam
394 171 466 219 sobrie
480 172 562 222 dixerit,
578 175 638 223 quasi
656 175 739 223 possint
755 186 801 215 esse

4 234 59 276 'non
75 236 110 276 ita.
320 248 322 251 ·

22 325 24 328 -
69 302 102 341 58.
118 300 232 342 Aeternam
243 302 308 350 igitur
317 302 386 351 legem
398 304 483 344 mundis
493 305 569 345 animis
579 304 652 345 fasest
662 317 800 354 cognoscere,
865 351 867 354 ,

15 367 109 407 iudicare
124 378 168 407 non
182 366 214 407 fas
224 369 263 407 est.
275 367 324 408 Hoc
333 371 404 408 autem
415 369 508 416 interest,
520 370 579 419 quod
589 370 616 411 ad
626 371 802 419 cognoscendum

15 434 66 474 satis
80 434 112 473 est
126 435 149 473 ut
163 431 275 474 videamus
284 434 312 474 ita
322 445 369 481 esse
378 434 459 484 aliquid
469 434 501 475 vel
512 447 555 475 non
566 436 606 483 ita;
623 435 650 476 ad
665 436 802 476 iudicandum

16 510 67 539 vero
82 497 181 539 addimus
191 498 272 548 aliquid
282 499 341 549 quod
352 499 498 549 significemus
508 501 572 550 posse
582 512 628 542 esse
638 503 659 541 et
668 502 735 549 aliter,
746 501 803 542 velut

16 575 64 604 cum
87 564 189 604 dicimus:
208 565 236 605 ita
253 576 299 605 esse
314 564 385 613 debet,
401 568 436 605 aut
451 567 539 607 itaesse
554 565 635 614 debuit,
655 569 699 607 aut>
710 567 738 606 ita
756 578 803 607 esse

16 629 113 676 debebit;
129 632 152 670 ut
166 630 188 669 in
202 630 362 679 suisoperibus
377 630 468 671 artifices
482 631 570 672 faciunt.
809 679 810 682 Ἴ

72 694 136 744 Cous.
152 695 198 743 Vll,
213 696 315 744 xvii,=23:
332 695 443 743 Quaerens
458 697 514 737 enim
530 691 587 737 unde
601 697 742 747 adprobarem
758 697 803 747 pul·

16 760 158 801 ebritudinem
175 773 291 811 corporum
306 762 351 802 sive
365 758 488 802 caelestium
503 762 548 802 sive
562 763 700 810 terrestrium,
716 765 737 802 et
751 762 803 812 quid

17 826 68 866 mihi
84 829 169 876 praesto
184 829 240 868 esset
259 828 340 876 integre
355 828 382 868 de
397 820 535 868 mutabilibus
554 827 654 868 iudicanti
674 831 695 869 et
713 828 802 882 dicenti:

16 890 59 932 hoe
73 892 102 932 ita
116 904 163 932 esse
177 892 248 940 debet,
265 892 316 932 illud
331 903 375 932 non
390 893 428 939 ita;
446 893 488 933 hoc
498 904 550 942 ergo
557 895 672 942 'quaerens
683 893 740 932 unde
750 893 804 932 iudi-

16 968 86 998 carem
102 969 151 998 cum
167 958 194 998 ita
209 958 333 1005 iudicarem,
349 958 470 999 inveneram
486 958 682 999 incommutabilem
698 961 718 998 et
732 970 803 998 veram

16 1023 110 1072 veritatis
125 1023 269 1063 aeternitatem
284 1013 349 1072 supra
364 1025 456 1063 mentem
472 1034 542 1062 meam
552 1022 740 1063 commutabilem.
761 1064 766 1068 ,

65 1141 86 1167 a.
99 1131 130 1169 De
144 1132 192 1169 Vera
204 1132 245 1173 Rel.
258 1132 324 1177 xxxix,
337 1133 369 1168 73:
385 1132 445 1167 «Non
458 1131 509 1167 enirn
522 1132 639 1168 ratiocinatio
651 1132 696 1168 talia
714 1131 758 1167 facit
770 1132 804 1168 sed

16 1190 93 1227 invenit.
107 1191 159 1237 Ergo
171 1192 274 1237 antequam
293 1191 413 1227 inveniantur
424 1190 444 1227 in
457 1201 478 1226 se
490 1193 573 1235 manent,
590 1193 665 1227 etcum
683 1190 816 1227 inveniuntur

17 1260 53 1287 nos
66 1250 179 1287 innovant».
192 1250 223 1287 De
237 1250 284 1287 Gen.
297 1251 325 1286 ad
335 1250 371 1286 Lu.
384 1250 424 1294 ΧΠ,
437 1250 488 1294 xxiv,
503 1251 536 1286 50:
554 1250 679 1296 praestantius
692 1251 721 1286 est
739 1250 803 1286 lumen

17 1309 95 1354 visionis
104 1309 241 1355 intellectualis,
256 1323 264 1340 ‹<
270 1320 310 1356 quo
323 1311 342 1345 et
354 1309 389 1346 ista
397 1308 487 1345 inferiora
495 1309 628 1354 dfiudicantur,
637 1310 655 1345 et
668 1310 804 1345 eacemuntur

17 1379 67 1414 quae
80 1379 143 1414 neque
156 1371 201 1405 sunt
213 1379 299 1415 corpora,
308 1379 372 1414 neque
385 1369 432 1404 ullas
445 1369 513 1414 gerunt
524 1368 596 1404 formas
609 1368 680 1404 similes
692 1378 804 1413 corporum:

17 1429 69 1464 velut
80 1428 122 1474 ipsa
135 1430 221 1465 menset
233 1429 296 1464 omnis
309 1428 384 1477 animae
396 1427 472 1464 affectio
485 1427 542 1473 bona,
555 1427 586 1463 cui
598 1421 691 1464 contraria
707 1428 751 1463 sunt
763 1427 804 1463 eius

17 1487 67 1533 vitia,
80 1498 130 1534 quae
143 1489 193 1524 recte
205 1488 306 1534 culpantur
318 1489 375 1532 atque
388 1487 502 1522 damnantur
514 1486 534 1522 in
547 1477 679 1522 hominibus».

220 1639 253 1680 17.
267 1661 275 1669 ·
290 1640 326 1680 lta
340 1640 438 1696 constat
450 1626 531 1680 ‘Deum
549 1650 604 1680 esse

71 1756 106 1796 De
123 1756 177 1796 Vera
195 1755 242 1802 Rei.
262 1756 317 1803 xxxi,
338 1756 373 1796 57:
395 1756 440 1795 Nec
460 1756 501 1795 iam
521 1755 573 1795 illud
592 1754 744 1803 ambigendum
764 1757 803 1805 est,

19 1820 217 1873 incommutabilem
232 1822 337 1867 naturam,
358 1832 412 1869 quae
431 1831 495 1869 supra
514 1820 638 1860 rationalem
658 1821 750 1859 animam
769 1820 804 1865 sit,
837 1862 839 1865 ,

19 1886 89 1927 Deum
104 1898 161 1933 esse:
177 1888 198 1926 et
212 1886 241 1926 ibi
256 1897 303 1926 esse
318 1886 409 1935 primam
424 1887 489 1926 vitam
500 1888 520 1925 et
531 1886 621 1934 primam
631 1885 752 1930 essentiam,
768 1883 804 1923 ubi

19 1955 50 1992 est
65 1952 134 2001 prima
148 1951 259 2000 sapientia.
275 1951 330 1991 Nam
346 1950 399 1991 haec
416 1954 447 1991 est
466 1950 501 1990 illa
520 1949 701 1990 incommutabilis
720 1950 804 1995 veritas,

19 2028 74 2066 quae
89 2010 122 2057 lex
137 2017 234 2057 omnium
254 2017 330 2056 artium
351 2018 407 2056 recte
424 2015 508 2062 dicitur,
524 2018 544 2055 et
559 2026 592 2054 ars
606 2014 760 2063 omnipotentis
775 2025 806 2053 ar·
819 2057 821 2060 y

18 2081 90 2122 tificis.
118 2117 120 2119 .
173 2121 174 2124 ,

72 2147 107 2187 De
120 2147 167 2187 Lib.
178 2145 231 2187 Arb.
248 2146 273 2193 ll,
289 2146 333 2193 xiii,
349 2146 385 2186 35:
402 2145 544 2185 Promiseram
559 2147 638 2191 autem,
649 2144 666 2183 si
682 2143 805 2189 meministi,

19 2223 54 2252 me
68 2211 106 2252 tibi
122 2212 316 2252 demonstraturum
328 2221 374 2250 esse
384 2210 464 2258 aliquid
474 2210 533 2258 quod
543 2210 570 2248 sit
580 2211 651 2249 mente
661 2210 733 2248 nostra
743 2210 806 2256 atque

20 2278 102 2318 ratione
116 2276 237 2325 sublimius.
254 2276 307 2316 Ecce
322 2274 359 2315 tibi
375 2276 407 2315 est
421 2275 467 2329 ipsa
481 2273 567 2314 veritas:
583 2273 711 2322 amplectere
721 2272 778 2312 illam
788 2271 805 2311 si

20 2345 89 2391 potes,
105 2344 126 2382 et
140 2342 210 2382 fruere
220 2341 267 2388 illa,
283 2343 304 2381 et
318 2340 422 2380 delectare
437 2339 457 2379 in
473 2339 579 2385 Domino;
594 2341 615 2378 et
629 2337 688 2378 dabit
701 2337 739 2389 tibi
754 2337 806 2385 peti·

19 2407 89 2448 tiones
104 2407 175 2448 cordis
189 2407 227 2447 tui.
243 2405 303 2453 Quid
317 2405 374 2445 enim
390 2404 444 2454 petis
458 2403 550 2453 amplius
564 2414 628 2452 quam
643 2404 666 2442 ut
680 2402 755 2442 beatus
764 2401 807 2441 sis?
827 2416 830 2419 ·

21 2472 46 2513 Et
60 2472 112 2522 quid
127 2472 210 2513 beatius
229 2483 255 2512 eo
275 2472 310 2521 qui
330 2470 406 2510 fruitur
425 2470 551 2509 inconcussa
565 2470 586 2508 et
601 2466 769 2507 incommutabili
786 2468 807 2506 et
847 2471 850 2475 ’

20 2538 197 2579 excellentissima
211 2537 312 2578 veritate?
