1768 2978
76 79 88 113 4
211 100 214 106 ·
238 78 255 112 3.
270 88 280 103 ··
292 83 331 110 ursi
344 78 486 110 cneoroemns
499 76 542 105 uon
557 74 698 104 rureffloerrs

78 197 206 246 Quanquam
221 208 290 245 neque
305 194 449 234 auctoritatem
465 191 518 230 ratio
533 190 617 239 penitus
632 188 717 236 deserit,
729 198 778 228 cum
793 187 871 228 consi·

78 262 162 302 deratur
176 263 209 302 cui
224 262 251 301 sit
265 259 407 305 credendum,
423 260 443 297 et
460 259 516 297 certe
530 267 627 296 summae
642 256 674 294 est
688 254 755 303 ipsius
770 253 811 293 iam
827 264 862 293 co·

79 329 148 377 gaitae
163 330 226 376 atque
241 327 364 376 perspicuae
378 323 470 364 veritatis
485 321 606 362 auctoritas.
622 319 664 360 Sed
679 319 729 369 quia
744 319 764 358 in
779 320 862 368 tempo-

79 395 128 434 ralia
139 394 270 440 devenimus,
280 394 300 432 et
309 402 383 432 eorum
392 401 465 430 amore
475 388 502 429 ab
512 388 602 428 aeternis
610 385 747 436 impedimur,
756 383 862 434 quaedam
880 380 881 383 ’

79 458 202 509 temporalis
212 458 324 505 medicina,
336 467 390 506 quae
404 466 447 495 non
462 454 552 495 scientes
566 451 725 493 sederedentes
736 447 862 491 adsalutem

72 523 147 572 uocat,
165 536 208 565 non
228 525 313 564 naturae
333 524 353 563 et
369 520 504 562 excellentiae
522 518 561 560 sed
580 518 646 569 ipsius
665 517 768 567 temporis
788 515 863 574 ordine

80 591 138 641 prior
152 593 190 631 est.
491 629 492 632 ,
845 619 848 623 .

132 657 166 696 De
176 655 221 697 (Σίν.
232 655 275 695 Dei
284 655 319 702 Xl,
331 654 355 694 ii:
371 654 473 703 Magnum
489 654 510 692 et
523 650 641 692 admodum
657 661 726 690 rarum
742 649 862 689 universam

80 725 196 763 creaturam
217 732 342 770 corpoream
364 718 518 760 consideratam
541 719 717 769 compertamque
738 714 862 755 mutabilem

81 788 196 828 intentione
211 787 286 826 mentis
301 785 409 831 excedere,
426 787 488 832 atque
503 783 529 822 ad
546 780 743 822 incommutabilem
759 780 798 820 Dei
814 779 863 819 sub-

80 853 176 893 stantiam
188 852 303 901 pervenire,
315 853 335 890 et
346 850 387 889 illic
400 850 480 899 discere
490 861 515 888 ex
526 849 573 897 ipso
588 847 646 896 quod
658 849 755 886 cunctam
766 848 862 885 naturam

80 930 134 967 quae
144 929 187 957 non
198 916 297 965 estquod
309 907 361 964 ipse,
373 926 416 954 non
426 914 475 954 iecit
485 914 524 953 nisi
536 914 606 962 ipse...
623 911 664 952 Sed
675 912 724 961 quia
737 912 783 960 ipsa
794 907 870 957 mens,

80 984 113 1023 cui
129 983 181 1022 ratio
197 985 217 1021 et
231 977 368 1030 intelligentia
383 979 504 1020 naturaliter
519 980 579 1026 inest,
592 978 647 1026 vitiis
663 977 791 1026 quibusdam
806 979 863 1016 tene·

81 1048 149 1087 brosis
158 1050 178 1087 et
186 1047 291 1101 veteribus
300 1046 390 1085 invalida
398 1049 429 1085 est
437 1057 480 1085 non
488 1039 558 1084 solum
567 1044 593 1083 ad
602 1043 754 1083 inhaerendum
763 1041 862 1088 fruendo,

81 1125 152 1152 verum
170 1113 232 1152 etiam
251 1109 277 1151 ad
295 1111 443 1160 perierendum
461 1108 635 1150 incommutabile
652 1108 731 1154 lumen,
750 1107 820 1153 donec
837 1107 864 1146 de

80 1178 114 1217 die
129 1178 149 1216 in
168 1177 224 1216 diem
242 1179 341 1216 renovata
358 1178 421 1224 atque
438 1177 510 1215 sanata
527 1175 563 1214 liat
580 1176 649 1213 tantae
666 1173 772 1212 felicitatis
789 1184 862 1221 capax,

80 1243 122 1282 tide
133 1243 225 1291 primum
240 1231 307 1281 iuerat
322 1240 452 1280 imbudenda
466 1243 529 1289 atque
544 1239 661 1288 purganda.
679 1239 701 1277 ln
712 1250 777 1286 quau
788 1237 864 1277 tiiden·

80 1309 121 1347 tius
135 1307 252 1346 ambularet
262 1306 289 1345 ad
299 1307 416 1352 veritatem,
428 1306 473 1354 ipsa
488 1305 564 1344 veritas
577 1304 635 1343 Deus
646 1303 685 1343 Dei
697 1303 762 1342 filius
777 1303 864 1342 lromine

80 1375 197 1421 assumpto,
209 1383 252 1411 non
264 1371 310 1411 Deo
320 1373 456 1419 consumpto,
469 1370 557 1410 eandem
573 1370 682 1409 constituit
695 1371 758 1417 atque
768 1368 864 1407 fundavit

80 1439 153 1485 tidem,
163 1440 185 1477 ut
196 1437 222 1476 ad
233 1437 325 1476 hominis
334 1436 403 1476 Deum
415 1437 453 1475 iter
463 1438 517 1475 esset
527 1435 608 1475 homini
620 1446 658 1483 per
666 1435 775 1474 hominem
785 1434 863 1473 Deum.

135 1575 154 1600 a.
170 1565 247 1601 Plurimi
263 1567 306 1600 sunt
321 1564 415 1600 eiusmodi
431 1564 473 1599 loci.
488 1564 509 1599 ln
521 1564 579 1608 Joarz.
594 1563 653 1598 Euan.
669 1562 733 1607 xxxvi,
748 1563 769 1597 7:
785 1576 793 1591 ‹<
803 1562 864 1597 lmmo

82 1625 125 1660 ideo
141 1625 190 1660 bene
204 1624 285 1659 creditur
300 1623 344 1668 quia
359 1633 398 1658 non
413 1623 450 1658 cito
465 1622 546 1668 capitur;
564 1633 608 1657 nam
623 1622 639 1658 si
654 1622 691 1657 cito
706 1617 810 1667 caperetur,
825 1632 864 1657 non

82 1694 131 1729 opus
144 1685 182 1718 erat
195 1685 215 1718 ut
227 1682 338 1726 crederetur,
348 1682 392 1727 quia
400 1682 499 1717 videretur.
514 1681 559 1717 ldeo
572 1676 633 1717 credis
646 1681 691 1727 quia
704 1691 743 1716 non
757 1681 817 1726 capis;
831 1680 864 1716 scd
882 1707 883 1710 η

83 1742 178 1777 credendo
190 1741 213 1776 tis
226 1741 307 1776 idoneus
320 1742 340 1775 ut
353 1740 421 1785 capias.
435 1740 484 1775 Nam
498 1740 513 1775 si
529 1750 568 1775 non
583 1739 650 1784 credis,
663 1750 763 1785 nunquam
778 1739 841 1785 capies
850 1753 865 1775 a.

83 1801 113 1836 De
125 1800 170 1836 Util.
180 1799 274 1844 Credendr'
286 1799 322 1843 xiv,
335 1800 366 1835 31:
381 1814 389 1828 <a
396 1800 446 1834 Nam
459 1809 496 1844 ego
509 1799 585 1834 credere
598 1801 641 1835 ante
655 1799 753 1843 rationem,
766 1809 810 1834 curn
824 1809 865 1844 per-

83 1858 181 1904 cipiendae
194 1858 260 1893 rationi
275 1868 314 1893 non
329 1858 354 1893 sis
369 1858 455 1899 idoneus,
469 1860 487 1893 et
502 1858 544 1903 ipsa
558 1857 597 1893 tide
612 1858 697 1893 animum
713 1858 801 1893 excolere
815 1858 865 1893 exci-

84 1917 157 1962 piendis
172 1917 276 1952 seminibus
293 1916 379 1961 veritatis,
394 1927 433 1952 non
451 1917 514 1952 solum
531 1917 676 1952 saluberrimum
693 1916 764 1962 judico,
780 1917 813 1952 sed
828 1917 865 1952 tale

84 1976 162 2011 omnino
175 1976 215 2011 sine
229 1986 267 2021 quo
280 1975 341 2020 aegris
350 1975 417 2011 animis
426 1976 476 2011 salus
485 1976 546 2011 redire
555 1986 594 2011 non
604 1976 687 2021 possit».
701 1976 721 2011 ln
731 1976 793 2021 primo
805 1976 866 2021 capite

84 2035 140 2070 lriuus
153 2035 193 2070 libri
206 2034 286 2070 affirmat
299 2034 320 2069 Α.
334 2045 372 2070 non
385 2035 441 2070 aliam
454 2035 480 2070 ob
493 2045 570 2070 causam
583 2046 653 2070 novem
666 2035 704 2070 lere
717 2035 780 2071 annos'
791 2046 811 2071 se
825 2035 866 2071 Ma-

84 2094 173 2129 nichaeos
186 2095 271 2129 secutum
284 2104 331 2137 esse,
342 2107 350 2123 a
356 2094 391 2129 nisi
405 2094 457 2139 quod
467 2104 487 2129 se
497 2094 590 2139 dicebant,
599 2094 675 2130 tern'bili
689 2094 799 2130 auctoritate
812 2105 866 2140 sepa-

85 2155 128 2197 rata,
137 2163 188 2188 mera
201 2154 218 2188 et
230 2153 311 2198 simplici
324 2153 395 2188 ratione
408 2163 442 2188 eos
454 2153 520 2198 qui-se
533 2154 598 2189 audire
607 2154 676 2189 vellent
687 2153 829 2189 introducturos
842 2154 865 2189 ad

85 2212 147 2247 Deum
160 2213 178 2247 et
190 2222 252 2247 errore
266 2212 318 2247 omni
331 2212 460 2248 liberaturos...
473 2223 494 2247 se
506 2214 569 2248 autem
582 2213 656 2248 nullum
665 2223 751 2258 premere
764 2213 788 2248 ad
801 2212 866 2258 iidem,

85 2271 119 2306 nisi
135 2271 185 2315 prius
201 2271 286 2306 discussa
301 2273 319 2306 et
333 2263 414 2306 enodata
431 2271 530 2307 veritate».
548 2272 578 2307 De
592 2272 643 2308 Mor.
656 2272 705 2308 Eccl.
720 2272 774 2308 Catia.
788 2273 801 2316 l,
814 2272 832 2316 ii,
846 2274 866 2308 3:

86 2344 93 2359 «
102 2330 186 2375 nihilque
194 2330 244 2365 aliud
255 2331 336 2366 maxime
349 2331 415 2366 dicunt
427 2329 548 2376 [Manichaei]
563 2331 598 2367 nisi
608 2331 700 2367 rationem
709 2332 761 2378 prius
773 2342 814 2368 esse
826 2333 867 2368 red·

85 2389 166 2424 dendam
175 2403 190 2423 a.
203 2389 260 2424 Enar.
274 2389 293 2424 in
305 2389 337 2425 Ps.
350 2389 387 2433 viii,
400 2390 420 2425 b:
437 2404 445 2419 «
454 2390 499 2425 Non
512 2390 565 2436 quod
579 2383 668 2426 scientiae
681 2390 791 2436 pollicitatio
805 2402 866 2437 repre-

85 2448 186 2483 hendenda
198 2449 230 2491 sit;
240 2448 273 2484 sed
283 2449 335 2494 quod
345 2448 425 2494 gradum
435 2449 580 2485 saluberrimum
590 2451 608 2485 et
616 2450 744 2485 necessarium
753 2450 798 2486 iidei
808 2452 867 2496 negli-

85 2507 169 2551 gendum
178 2509 243 2553 putant
253 2506 298 2552 [scil.
308 2508 394 2543 haeretici
403 2509 422 2543 et
430 2508 540 2554 plrilosoplri
549 2507 691 2554 gentinm],per
700 2520 757 2555 quem
766 2509 785 2545 in
795 2510 866 2556 aliquid

85 2568 161 2610 certum,
175 2567 226 2611 quod
240 2567 330 2614 csse-nisi
343 2568 440 2603 aeternum
454 2578 492 2602 non
506 2569 574 2613 potest,
587 2569 663 2613 oportet
675 2569 776 2605 ascendi».
