1768 2978
63 96 86 130 38
247 96 275 130 12.
288 114 295 120 ·
308 102 335 128 DE
348 100 438 131 RATIONE
451 99 495 127 SIVE
509 94 667 125 INTELLIGENTIA

65 218 269 267 praestantissimum
284 218 322 263 est,
338 227 381 265 quo
396 210 517 255 nonsentit
531 210 646 258 sensibilia,
662 207 700 268 sed
715 219 759 258 quo
770 207 863 261 iudIcat⁴

65 283 92 323 de
106 283 234 323 sensibilius.
251 283 305 322 Nam
321 284 341 321 et
355 281 427 321 vident
442 280 530 326 acutius,
547 281 567 318 et
582 276 669 317 caeteris
684 274 781 323 eorporis
802 286 849 315 sen-

65 347 124 387 sibus
139 349 207 388 acrius
217 359 307 396 corpora
318 347 438 395 anttingunt
448 345 561 394 pleraeque
573 342 653 392 bestiae
663 352 728 390 quam
739 339 848 388 bomines;

20 441 23 445 -
66 413 211 453 sediudIcare
221 412 247 452 de
258 411 384 460 corporibus
394 423 437 450 non
448 408 557 450 sentientis
571 410 652 448 tantum
663 407 725 452 vitae,
737 405 775 445 sed
786 406 849 446 etlam

66 478 209 517 ratiocinantis
224 479 266 524 est;
283 488 324 525 qua
339 476 386 516 illae
401 477 479 522 carent,
495 486 535 513 nos
545 473 674 513 excellimus.
688 471 784 511 Iamvero
796 470 849 511 illud

66 542 138 581 videre
152 542 276 581 facillimum
292 544 330 587 est,
347 540 521 589 praestantiorem
537 550 583 578 esse
598 537 727 577 iudicantem
738 547 803 585 quam
815 536 850 576 illa

66 618 99 645 res
114 606 196 655 dequa
211 606 322 651 iudicatur,
339 616 382 645 non
397 604 466 644 solum
478 604 548 643 autem
563 602 671 642 rationalis
686 602 728 640 vita
743 600 770 639 de
784 601 849 640 sensi·

66 669 151 716 bilibus,
162 670 200 710 sed
211 670 237 709 de
248 670 299 717 ipsis
309 680 396 717 quoque
406 668 503 708 sensibus
514 667 603 707 iudicat:
620 678 657 706 cur
668 667 688 705 in
700 677 755 714 aqua
766 676 849 705 remum
864 687 866 691 ·

67 733 178 772 infractum
200 735 298 781 oporteat
319 744 421 780 apparere
443 743 490 770 cum
513 733 582 770 rectus
603 731 637 776 sit,
660 732 681 769 et
699 741 737 768 cur
761 729 789 769 ita
814 740 851 777 per

66 797 141 836 oculos
157 798 228 836 sentiri
244 807 330 835 necesse
345 797 382 840 stt:
399 787 447 835 nam
466 796 510 843 ipse
525 797 623 842 aspectus
639 793 751 833 oculorum
774 804 850 832 renun-

67 861 118 899 tiare
133 860 153 899 id
169 863 245 909 potest,
263 859 355 898 Iudicare
370 861 440 899 autem
456 858 514 897 nullo
529 858 603 897 modo.
624 857 696 903 Quare
714 857 850 896 manifestum

67 927 105 972 est,
117 927 139 965 ut
149 925 268 966 sensualem
279 925 343 965 vitam
354 924 447 974 corpori,
459 924 486 972 ita
497 923 621 964 rationalem
636 923 720 972 utrique
736 924 849 975 praestare.

120 1003 167 1032 xxx.
183 992 216 1032 54.
233 991 305 1040 Itaque
319 991 335 1030 si
351 990 459 1031 rati0nalis
473 990 515 1030 vita
530 989 647 1030 secundum
660 989 752 1038 seipsam
764 988 850 1037 iudicat,

68 1055 125 1095 nulla
140 1056 181 1096 iam
197 1058 228 1096 est
242 1058 316 1096 natura
331 1056 478 1104 praestantior.
494 1054 536 1095 Sed
551 1056 600 1104 quia
615 1054 695 1094 clarum
706 1056 737 1094 est
747 1065 794 1094 eam
805 1065 852 1094 esse

69 1120 200 1169 mutabilem,
212 1121 298 1171 quando
309 1133 365 1161 nunc
376 1122 441 1170 perita
452 1133 508 1160 nunc
519 1121 615 1169 Imperita
631 1120 746 1167 invenitur;
762 1123 782 1160 et
792 1122 851 1160 tanto

68 1188 99 1225 est
114 1187 208 1234 peritior,
231 1189 310 1235 quanto
327 1186 415 1227 alicuius
429 1187 478 1226 artis
495 1186 527 1225 vel
550 1186 673 1235 disciplinae
688 1185 721 1225 vel
736 1176 852 1234 sapientiae

68 1252 173 1300 particeps
188 1254 231 1291 est:
248 1252 314 1300 ipsius
329 1253 378 1292 arIIs
393 1254 467 1291 natura
482 1252 603 1300 quaerenda
617 1254 656 1291 est.
850 1244 852 1249 ’

116 1403 136 1428 a.
150 1395 195 1430 Non
208 1396 283 1440 oportet
295 1395 324 1430 his
337 1396 402 1431 sallem
416 1395 462 1431 locis
475 1395 615 1431 distinctionem
629 1406 720 1440 quaerere
734 1395 782 1431 inter
797 1395 852 1430 ratio-

68 1464 112 1488 nem
125 1454 144 1488 et
156 1453 304 1498 intelligentiam.
317 1453 369 1495 Quid
382 1454 405 1489 sit
418 1454 479 1499 ipsum
494 1453 597 1498 intelligere
606 1465 645 1489 non
655 1455 718 1499 potest
729 1453 808 1497 definiri,
818 1453 852 1489 sed

69 1511 192 1547 solummodo
213 1512 301 1546 indicari:
322 1526 330 1540 ‹<
339 1514 401 1548 mente
421 1512 505 1547 contueri
514 1525 529 1556 a,
550 1523 619 1557 «pura
634 1514 697 1547 mente
718 1513 852 1558 conspIcere»;

69 1569 122 1605 Solu.
136 1570 148 1613 I,
161 1570 185 1613 vi,
199 1571 232 1605 12:
253 1583 261 1598 «
270 1570 312 1615 Ego
325 1572 389 1605 autem
402 1571 456 1609 Ratio
469 1571 494 1605 Ita
506 1581 549 1605 sum
562 1571 581 1605 in
594 1571 690 1606 mentibus
699 1571 747 1606 sicut
759 1570 778 1606 in
792 1571 853 1606 oculis

69 1629 97 1663 est
109 1630 197 1674 aspectus
205 1640 220 1672 »;
233 1628 264 1664 De
278 1628 328 1665 Tria.
340 1628 380 1674 xli,
393 1629 430 1674 xiv,
443 1629 478 1673 23:
499 1643 506 1658 ‹<
514 1629 534 1664 in
547 1631 613 1665 natura
625 1629 739 1676 incorporali
758 1629 785 1666 sic
800 1629 853 1666 intel-

70 1687 147 1733 ligibilia
165 1689 240 1734 praesto
253 1690 297 1724 sunt
310 1689 377 1725 mentis
390 1689 503 1735 aspectibus,
517 1688 565 1726 sicut
583 1689 618 1726 ista
636 1689 655 1726 in
675 1689 721 1726 locis
740 1689 821 1727 visibilia
835 1690 854 1726 et

70 1749 210 1784 contrectabilia
218 1748 303 1794 corporis
313 1749 400 1797 sensibus
406 1761 420 1793 »ς
430 1749 548 1785 Delmmort.
556 1750 602 1786 Aa:
612 1750 713 1786 intellectio
722 1751 751 1786 est
761 1750 853 1786 «coniun-

70 1807 107 1842 ctio
126 1807 215 1844 intuentis
234 1808 291 1843 animi
311 1809 329 1843 et
347 1809 387 1844 eius
402 1809 440 1844 veri
456 1809 508 1855 quod
524 1809 628 1846 intuetur»,
651 1810 695 1846 liius
709 1810 784 1846 obiecta
798 1821 853 1846 «non

71 1866 141 1901 habent
149 1866 241 1912 imagines
250 1867 279 1902 sui
289 1867 365 1910 similes,
379 1878 428 1913 quae
441 1879 479 1904 non
493 1870 536 1904 sunt
549 1869 602 1914 quod
615 1870 656 1915 ipsa
665 1884 672 1899 a
687 1869 718 1905 De
727 1869 774 1906 Gen.
784 1870 811 1906 ad
818 1869 853 1905 aa.

71 1924 111 1968 XII,
124 1924 147 1968 vi,
162 1926 194 1968 153
207 1925 259 1970 Epis.
272 1925 349 1961 CXVIII
362 1925 394 1971 (ad
408 1925 480 1970 Diosc.)
493 1927 511 1971 ii,
524 1928 540 1971 9,
555 1929 587 1972 103
603 1928 637 1964 sed
647 1928 669 1964 cl.
680 1928 737 1972 Conf.
747 1928 769 1972 Χ,
779 1929 816 1973 xiv,
825 1930 854 1964 22.

120 1981 140 2016 b.
154 1983 195 2018 Nec
208 1985 287 2019 conatur
299 1983 321 2018 Α.
335 1984 464 2020 demonstrare
477 1996 534 2021 sensu
547 1987 611 2022 stricto
624 1988 708 2022 mentem
723 1990 807 2024 nostram
822 1998 854 2024 co·

71 2051 164 2086 gnoscere
176 2043 270 2077 mundum
283 2042 431 2087 intelligibilem3
448 2044 479 2079 De
500 2045 546 2080 Vera
565 2046 604 2086 Rei.
624 2046 690 2091 xxxix,
705 2048 740 2091 72;
760 2048 804 2093 xlix,
820 2048 854 2084 97:

73 2113 80 2128 «
89 2099 144 2140 Quae
157 2111 220 2136 rursus
234 2100 303 2144 omnia,
317 2111 366 2145 quae
379 2102 403 2137 de
416 2102 451 2137 bac
464 2103 505 2137 luce
518 2105 586 2140 mentis
599 2116 650 2140 nunc
669 2116 680 2140 a
699 2117 729 2141 me
743 2106 792 2143 dicta
805 2108 854 2149 sunt,

72 2157 123 2192 nulla
135 2158 171 2193 alia
180 2169 237 2203 quam
251 2159 317 2193 eadem
326 2159 368 2194 luce
378 2160 475 2195 manifesta
488 2163 536 2196 sunt.
551 2161 586 2197 Per
599 2163 648 2198 banc
657 2164 708 2199 enirn
716 2165 802 2211 intelligo
811 2176 855 2200 vera

72 2225 114 2250 esse
127 2225 176 2259 quae
189 2216 239 2251 dicta
248 2218 296 2260 sunt,
310 2218 328 2251 et
341 2216 387 2252 haec
400 2228 431 2252 me
443 2218 547 2263 intelligere
560 2231 584 2265 pe
606 2221 655 2257 banc
668 2233 732 2258 rursus
745 2223 831 2269 intelligo
839 2237 855 2258 »-

71 2272 123 2317 Epis.
137 2273 161 2310 IV
174 2273 206 2318 (ad
216 2273 308 2318 Nebrid.)‚
321 2275 342 2310 2:
362 2277 428 2311 «tanta
441 2286 586 2323 nonnumquam
600 2290 662 2315 rerum
676 2281 793 2318 manentIum
802 2292 855 2328 prae-

72 2331 181 2378 sumptione
199 2333 303 2379 compleor,
322 2335 342 2369 ut
361 2335 417 2371 mIrer
429 2335 523 2372 interdum
536 2336 568 2374 illa
580 2338 626 2375 mihi
640 2350 689 2386 opus
702 2351 744 2377 esse
757 2342 856 2379 rati0cina·
872 2379 876 2390 ,

72 2392 124 2428 tione
143 2394 163 2429 ut
181 2393 228 2429 haec
247 2404 288 2429 esse
307 2394 388 2440 credam,
407 2406 456 2440 quae
475 2398 526 2433 tanta
541 2397 605 2435 insunt
617 2401 723 2446 praesentia
736 2405 807 2448 quanta
819 2402 856 2439 sibi

28 2455 30 2458 '
73 2453 154 2497 qunque
166 2453 190 2489 sit
202 2463 292 2498 praesens
302 2467 316 2488 a.
705 2465 707 2467 ·

119 2520 139 2545 c.
153 2512 268 2557 PrIncipium
277 2512 323 2548 illud
338 2526 345 2542 «
354 2514 421 2550 melius
430 2517 458 2550 est
466 2516 551 2552 Iudicans
560 2529 617 2563 qnam
627 2520 645 2555 id
656 2520 680 2556 de
690 2532 729 2566 quo
739 2522 855 2566 iudicatur»,

74 2572 188 2616 supponitur
196 2582 238 2607 esse
247 2572 336 2607 omnibus
345 2573 475 2618 maniiestum3
484 2575 506 2611 ci,
516 2576 568 2621 Epis,
577 2577 666 2625 CXLVII,
676 2581 727 2625 xviii,
735 2583 768 2617 45:
783 2597 790 2613 <x-
796 2583 856 2625 Quod
