<?xml version="1.0" encoding="UTF-8"?>
<!DOCTYPE html PUBLIC "-//W3C//DTD XHTML 1.0 Transitional//EN"
    "http://www.w3.org/TR/xhtml1/DTD/xhtml1-transitional.dtd">
<html xmlns="http://www.w3.org/1999/xhtml" xml:lang="en" lang="en">
 <head>
  <title>
</title>
<meta http-equiv="Content-Type" content="text/html;charset=utf-8" />
  <meta name='ocr-system' content='tesseract 3.04.00' />
  <meta name='ocr-capabilities' content='ocr_page ocr_carea ocr_par ocr_line ocrx_word'/>
</head>
<body>
  <div class='ocr_page' id='page_1' title='image "./MN41427ucmf_7_0065.png"; bbox 0 0 1768 2978; ppageno 0'>
   <div class='ocr_carea' id='block_1_1' title="bbox 198 100 803 143">
    <p class='ocr_par' dir='ltr' id='par_1_1' title="bbox 198 100 803 143">
     <span class='ocr_line' id='line_1_1' title="bbox 198 100 803 143; baseline 0.017 -10"><span class='ocrx_word' id='word_1_1' title='bbox 198 100 224 133; x_wconf 80' lang='lat'>12.</span> <span class='ocrx_word' id='word_1_2' title='bbox 238 119 245 125; x_wconf 93' lang='lat'>-</span> <span class='ocrx_word' id='word_1_3' title='bbox 259 108 285 135; x_wconf 77' lang='lat' dir='ltr'>or</span> <span class='ocrx_word' id='word_1_4' title='bbox 298 108 388 137; x_wconf 74' lang='lat' dir='ltr'>annone</span> <span class='ocrx_word' id='word_1_5' title='bbox 401 111 445 138; x_wconf 81' lang='lat' dir='ltr'>srve</span> <span class='ocrx_word' id='word_1_6' title='bbox 459 110 617 141; x_wconf 76' lang='lat' dir='ltr'>rurercroeurra</span> <span class='ocrx_word' id='word_1_7' title='bbox 779 108 803 143; x_wconf 74' lang='lat'>39</span> 
     </span>
    </p>
   </div>
   <div class='ocr_carea' id='block_1_2' title="bbox 13 219 802 273">
    <p class='ocr_par' dir='ltr' id='par_1_2' title="bbox 13 219 802 273">
     <span class='ocr_line' id='line_1_2' title="bbox 13 219 802 273; baseline 0.01 -18"><span class='ocrx_word' id='word_1_8' title='bbox 13 219 28 256; x_wconf 92' lang='lat' dir='ltr'>si</span> <span class='ocrx_word' id='word_1_9' title='bbox 41 219 129 256; x_wconf 92' lang='lat' dir='ltr'>nondum</span> <span class='ocrx_word' id='word_1_10' title='bbox 143 222 247 266; x_wconf 88' lang='lat' dir='ltr'>possumus</span> <span class='ocrx_word' id='word_1_11' title='bbox 260 220 353 266; x_wconf 82' lang='lat' dir='ltr'>praeferre</span> <span class='ocrx_word' id='word_1_12' title='bbox 371 222 433 259; x_wconf 86' lang='lat' dir='ltr'>lucem</span> <span class='ocrx_word' id='word_1_13' title='bbox 446 223 561 261; x_wconf 88' lang='lat' dir='ltr'>iudicantem</span> <span class='ocrx_word' id='word_1_14' title='bbox 580 225 597 262; x_wconf 91' lang='lat' dir='ltr'>ei</span> <span class='ocrx_word' id='word_1_15' title='bbox 614 225 651 262; x_wconf 91' lang='lat' dir='ltr'>luci</span> <span class='ocrx_word' id='word_1_16' title='bbox 665 225 689 262; x_wconf 89' lang='lat' dir='ltr'>de</span> <span class='ocrx_word' id='word_1_17' title='bbox 702 237 741 273; x_wconf 87' lang='lat' dir='ltr'>qua</span> <span class='ocrx_word' id='word_1_18' title='bbox 753 226 802 262; x_wconf 63' lang='lat' dir='ltr'>iudi*</span> 
     </span>
    </p>
   </div>
   <div class='ocr_carea' id='block_1_3' title="bbox 14 279 802 389">
    <p class='ocr_par' dir='ltr' id='par_1_3' title="bbox 14 279 802 389">
     <span class='ocr_line' id='line_1_3' title="bbox 14 279 802 332; baseline 0.01 -18"><span class='ocrx_word' id='word_1_19' title='bbox 14 283 71 324; x_wconf 87' lang='lat' dir='ltr'>c&#39;atur,</span> <span class='ocrx_word' id='word_1_20' title='bbox 84 279 178 326; x_wconf 81' lang='lat' dir='ltr'>praeferre</span> <span class='ocrx_word' id='word_1_21' title='bbox 187 279 244 316; x_wconf 88' lang='lat' dir='ltr'>vitam</span> <span class='ocrx_word' id='word_1_22' title='bbox 253 280 389 327; x_wconf 69' lang='lat' dir='ltr'>intelligentem</span> <span class='ocrx_word' id='word_1_23' title='bbox 398 283 446 319; x_wconf 84' lang='lat' dir='ltr'>vitae</span> <span class='ocrx_word' id='word_1_24' title='bbox 454 285 589 321; x_wconf 88' lang='lat' dir='ltr'>tantummodo</span> <span class='ocrx_word' id='word_1_25' title='bbox 602 285 695 330; x_wconf 74' lang='lat' dir='ltr'>sentienti,</span> <span class='ocrx_word' id='word_1_26' title='bbox 708 286 802 332; x_wconf 80' lang='lat' dir='ltr'>praeferre</span> 
     </span>
     <span class='ocr_line' id='line_1_4' title="bbox 14 332 801 389; baseline 0.008 -15"><span class='ocrx_word' id='word_1_27' title='bbox 14 332 100 375; x_wconf 82' lang='lat' dir='ltr'>naturam</span> <span class='ocrx_word' id='word_1_28' title='bbox 110 345 149 375; x_wconf 91' lang='lat' dir='ltr'>non</span> <span class='ocrx_word' id='word_1_29' title='bbox 159 338 203 374; x_wconf 87' lang='lat' dir='ltr'>alibi</span> <span class='ocrx_word' id='word_1_30' title='bbox 212 340 250 375; x_wconf 86' lang='lat' dir='ltr'>lroc</span> <span class='ocrx_word' id='word_1_31' title='bbox 259 342 277 375; x_wconf 89' lang='lat' dir='ltr'>et</span> <span class='ocrx_word' id='word_1_32' title='bbox 285 340 330 376; x_wconf 91' lang='lat' dir='ltr'>alibi</span> <span class='ocrx_word' id='word_1_33' title='bbox 343 341 400 386; x_wconf 89' lang='lat' dir='ltr'>aliud,</span> <span class='ocrx_word' id='word_1_34' title='bbox 413 342 446 377; x_wconf 92' lang='lat' dir='ltr'>sed</span> <span class='ocrx_word' id='word_1_35' title='bbox 460 343 525 379; x_wconf 92' lang='lat' dir='ltr'>omnia</span> <span class='ocrx_word' id='word_1_36' title='bbox 534 354 583 389; x_wconf 90' lang='lat' dir='ltr'>quae</span> <span class='ocrx_word' id='word_1_37' title='bbox 595 344 652 380; x_wconf 91' lang='lat' dir='ltr'>habet</span> <span class='ocrx_word' id='word_1_38' title='bbox 664 345 683 379; x_wconf 94' lang='lat' dir='ltr'>in</span> <span class='ocrx_word' id='word_1_39' title='bbox 697 355 737 381; x_wconf 89' lang='lat' dir='ltr'>uno</span> <span class='ocrx_word' id='word_1_40' title='bbox 746 345 801 380; x_wconf 89' lang='lat' dir='ltr'>simul</span> 
     </span>
    </p>
   </div>
   <div class='ocr_carea' id='block_1_4' title="bbox 14 398 802 449">
    <p class='ocr_par' dir='ltr' id='par_1_4' title="bbox 14 398 802 449">
     <span class='ocr_line' id='line_1_5' title="bbox 14 398 802 449; baseline 0.008 -16"><span class='ocrx_word' id='word_1_41' title='bbox 14 398 122 443; x_wconf 78' lang='lat' dir='ltr'>habentem,</span> <span class='ocrx_word' id='word_1_42' title='bbox 132 398 186 434; x_wconf 89' lang='lat' dir='ltr'>sicuti</span> <span class='ocrx_word' id='word_1_43' title='bbox 195 400 223 434; x_wconf 89' lang='lat' dir='ltr'>est</span> <span class='ocrx_word' id='word_1_44' title='bbox 232 401 296 435; x_wconf 90' lang='lat' dir='ltr'>nostra</span> <span class='ocrx_word' id='word_1_45' title='bbox 309 399 350 445; x_wconf 85' lang='lat' dir='ltr'>ipsa</span> <span class='ocrx_word' id='word_1_46' title='bbox 362 398 491 446; x_wconf 72' lang='lat' dir='ltr'>intelligentia,</span> <span class='ocrx_word' id='word_1_47' title='bbox 500 402 517 438; x_wconf 91' lang='lat' dir='ltr'>ei</span> <span class='ocrx_word' id='word_1_48' title='bbox 526 404 603 439; x_wconf 89' lang='lat' dir='ltr'>naturae</span> <span class='ocrx_word' id='word_1_49' title='bbox 617 414 667 449; x_wconf 90' lang='lat' dir='ltr'>quae</span> <span class='ocrx_word' id='word_1_50' title='bbox 679 403 705 438; x_wconf 90' lang='lat' dir='ltr'>ita</span> <span class='ocrx_word' id='word_1_51' title='bbox 718 404 802 449; x_wconf 90' lang='lat' dir='ltr'>partibus</span> 
     </span>
    </p>
   </div>
   <div class='ocr_carea' id='block_1_5' title="bbox 14 457 802 564">
    <p class='ocr_par' dir='ltr' id='par_1_5' title="bbox 14 457 802 564">
     <span class='ocr_line' id='line_1_6' title="bbox 14 457 802 508; baseline 0.008 -16"><span class='ocrx_word' id='word_1_52' title='bbox 14 458 88 493; x_wconf 85' lang='lat' dir='ltr'>constat</span> <span class='ocrx_word' id='word_1_53' title='bbox 101 459 121 493; x_wconf 90' lang='lat' dir='ltr'>ut</span> <span class='ocrx_word' id='word_1_54' title='bbox 134 457 197 506; x_wconf 85' lang='lat' dir='ltr'>minor</span> <span class='ocrx_word' id='word_1_55' title='bbox 205 458 229 493; x_wconf 91' lang='lat' dir='ltr'>sit</span> <span class='ocrx_word' id='word_1_56' title='bbox 237 458 316 493; x_wconf 87' lang='lat' dir='ltr'>dimidia</span> <span class='ocrx_word' id='word_1_57' title='bbox 324 469 382 504; x_wconf 91' lang='lat' dir='ltr'>quam</span> <span class='ocrx_word' id='word_1_58' title='bbox 391 461 430 495; x_wconf 91' lang='lat' dir='ltr'>tota</span> <span class='ocrx_word' id='word_1_59' title='bbox 438 460 492 496; x_wconf 89' lang='lat' dir='ltr'>sicuti</span> <span class='ocrx_word' id='word_1_60' title='bbox 506 463 534 496; x_wconf 88' lang='lat' dir='ltr'>est</span> <span class='ocrx_word' id='word_1_61' title='bbox 543 471 601 497; x_wconf 89' lang='lat' dir='ltr'>omne</span> <span class='ocrx_word' id='word_1_62' title='bbox 609 472 687 507; x_wconf 87' lang='lat' dir='ltr'>corpus;</span> <span class='ocrx_word' id='word_1_63' title='bbox 705 462 802 508; x_wconf 83' lang='lat' dir='ltr'>superfluo</span> 
     </span>
     <span class='ocr_line' id='line_1_7' title="bbox 14 516 450 564; baseline 0.005 -12"><span class='ocrx_word' id='word_1_64' title='bbox 14 517 39 552; x_wconf 92' lang='lat' dir='ltr'>de</span> <span class='ocrx_word' id='word_1_65' title='bbox 52 516 109 552; x_wconf 89' lang='lat' dir='ltr'>rebus</span> <span class='ocrx_word' id='word_1_66' title='bbox 121 516 177 552; x_wconf 90' lang='lat' dir='ltr'>tantis</span> <span class='ocrx_word' id='word_1_67' title='bbox 190 526 212 552; x_wconf 89' lang='lat' dir='ltr'>ac</span> <span class='ocrx_word' id='word_1_68' title='bbox 225 517 294 553; x_wconf 91' lang='lat' dir='ltr'>talibus</span> <span class='ocrx_word' id='word_1_69' title='bbox 307 517 450 564; x_wconf 89' lang='lat' dir='ltr'>disputamus».</span> 
     </span>
    </p>
   </div>
   <div class='ocr_carea' id='block_1_6' title="bbox 14 632 805 958">
    <p class='ocr_par' dir='ltr' id='par_1_6' title="bbox 14 632 805 958">
     <span class='ocr_line' id='line_1_8' title="bbox 68 632 803 700; baseline 0.011 -15"><span class='ocrx_word' id='word_1_70' title='bbox 68 645 92 686; x_wconf 83' lang='lat' dir='ltr'>ii.</span> <span class='ocrx_word' id='word_1_71' title='bbox 107 645 144 686; x_wconf 89' lang='lat' dir='ltr'>De</span> <span class='ocrx_word' id='word_1_72' title='bbox 159 646 255 686; x_wconf 85' lang='lat' dir='ltr'>ratione</span> <span class='ocrx_word' id='word_1_73' title='bbox 270 647 392 697; x_wconf 78' lang='lat' dir='ltr'>superiori</span> <span class='ocrx_word' id='word_1_74' title='bbox 404 648 428 687; x_wconf 86' lang='lat' dir='ltr'>et</span> <span class='ocrx_word' id='word_1_75' title='bbox 441 647 560 688; x_wconf 83' lang='lat' dir='ltr'>interiori.</span> <span class='ocrx_word' id='word_1_76' title='bbox 574 651 635 700; x_wconf 84' lang='lat' dir='ltr'>Epis.</span> <span class='ocrx_word' id='word_1_77' title='bbox 652 652 699 691; x_wconf 89' lang='lat' dir='ltr'>Xlll</span> <span class='ocrx_word' id='word_1_78' title='bbox 716 651 751 699; x_wconf 83' lang='lat' dir='ltr'>tad</span> <span class='ocrx_word' id='word_1_79' title='bbox 761 632 803 692; x_wconf 75' lang='lat' dir='ltr'>lte·</span> 
     </span>
     <span class='ocr_line' id='line_1_9' title="bbox 14 712 804 764; baseline 0.005 -12"><span class='ocrx_word' id='word_1_80' title='bbox 14 712 80 759; x_wconf 77' lang='lat' dir='ltr'>bridi</span> <span class='ocrx_word' id='word_1_81' title='bbox 102 715 124 753; x_wconf 86' lang='lat'>3:</span> <span class='ocrx_word' id='word_1_82' title='bbox 148 713 200 753; x_wconf 92' lang='lat' dir='ltr'>illud</span> <span class='ocrx_word' id='word_1_83' title='bbox 221 714 280 763; x_wconf 88' lang='lat' dir='ltr'>quod</span> <span class='ocrx_word' id='word_1_84' title='bbox 303 714 420 763; x_wconf 83' lang='lat' dir='ltr'>inlelligere</span> <span class='ocrx_word' id='word_1_85' title='bbox 435 716 575 764; x_wconf 66' lang='lat' dir='ltr'>appellamus</span> <span class='ocrx_word' id='word_1_86' title='bbox 595 716 680 755; x_wconf 90' lang='lat' dir='ltr'>duobus</span> <span class='ocrx_word' id='word_1_87' title='bbox 697 717 768 756; x_wconf 91' lang='lat' dir='ltr'>modis</span> <span class='ocrx_word' id='word_1_88' title='bbox 783 717 804 755; x_wconf 94' lang='lat' dir='ltr'>in</span> 
     </span>
     <span class='ocr_line' id='line_1_10' title="bbox 15 777 805 828; baseline 0.004 -11"><span class='ocrx_word' id='word_1_89' title='bbox 15 777 78 817; x_wconf 91' lang='lat' dir='ltr'>nobis</span> <span class='ocrx_word' id='word_1_90' title='bbox 93 778 151 818; x_wconf 80' lang='lat' dir='ltr'>lieri:</span> <span class='ocrx_word' id='word_1_91' title='bbox 168 781 203 818; x_wconf 89' lang='lat' dir='ltr'>aut</span> <span class='ocrx_word' id='word_1_92' title='bbox 218 780 264 827; x_wconf 89' lang='lat' dir='ltr'>ipsa</span> <span class='ocrx_word' id='word_1_93' title='bbox 279 790 317 827; x_wconf 93' lang='lat' dir='ltr'>per</span> <span class='ocrx_word' id='word_1_94' title='bbox 331 790 353 818; x_wconf 90' lang='lat' dir='ltr'>se</span> <span class='ocrx_word' id='word_1_95' title='bbox 369 782 439 818; x_wconf 88' lang='lat' dir='ltr'>mente</span> <span class='ocrx_word' id='word_1_96' title='bbox 454 783 517 828; x_wconf 87' lang='lat' dir='ltr'>atque</span> <span class='ocrx_word' id='word_1_97' title='bbox 532 780 614 827; x_wconf 83' lang='lat' dir='ltr'>ratione</span> <span class='ocrx_word' id='word_1_98' title='bbox 629 781 763 825; x_wconf 82' lang='lat' dir='ltr'>intrinsecus.</span> <span class='ocrx_word' id='word_1_99' title='bbox 782 783 805 819; x_wconf 91' lang='lat' dir='ltr'>ut</span> 
     </span>
     <span class='ocr_line' id='line_1_11' title="bbox 15 843 805 891; baseline 0.003 -10"><span class='ocrx_word' id='word_1_100' title='bbox 15 854 63 882; x_wconf 88' lang='lat' dir='ltr'>cum</span> <span class='ocrx_word' id='word_1_101' title='bbox 80 843 218 891; x_wconf 83' lang='lat' dir='ltr'>intelligimus</span> <span class='ocrx_word' id='word_1_102' title='bbox 232 855 279 883; x_wconf 88' lang='lat' dir='ltr'>esse</span> <span class='ocrx_word' id='word_1_103' title='bbox 294 844 364 891; x_wconf 87' lang='lat' dir='ltr'>ipsum</span> <span class='ocrx_word' id='word_1_104' title='bbox 380 843 521 890; x_wconf 64' lang='lat' dir='ltr'>intellectum</span> <span class='ocrx_word' id='word_1_105' title='bbox 532 846 568 883; x_wconf 86' lang='lat' dir='ltr'>aut</span> <span class='ocrx_word' id='word_1_106' title='bbox 578 844 726 884; x_wconf 84' lang='lat' dir='ltr'>admonitione</span> <span class='ocrx_word' id='word_1_107' title='bbox 736 857 748 885; x_wconf 92' lang='lat' dir='ltr'>a</span> <span class='ocrx_word' id='word_1_108' title='bbox 758 856 805 884; x_wconf 88' lang='lat' dir='ltr'>sen-</span> 
     </span>
     <span class='ocr_line' id='line_1_12' title="bbox 15 907 803 958; baseline 0 -10"><span class='ocrx_word' id='word_1_109' title='bbox 15 907 81 955; x_wconf 82' lang='lat' dir='ltr'>sibus,</span> <span class='ocrx_word' id='word_1_110' title='bbox 98 910 121 948; x_wconf 90' lang='lat' dir='ltr'>ut</span> <span class='ocrx_word' id='word_1_111' title='bbox 135 907 156 948; x_wconf 90' lang='lat' dir='ltr'>id</span> <span class='ocrx_word' id='word_1_112' title='bbox 172 907 251 958; x_wconf 85' lang='lat' dir='ltr'>quod</span> <span class='ocrx_word' id='word_1_113' title='bbox 246 920 287 948; x_wconf 82' lang='lat' dir='ltr'>ianr</span> <span class='ocrx_word' id='word_1_114' title='bbox 303 907 383 949; x_wconf 89' lang='lat' dir='ltr'>dictum</span> <span class='ocrx_word' id='word_1_115' title='bbox 395 911 433 956; x_wconf 88' lang='lat' dir='ltr'>est,</span> <span class='ocrx_word' id='word_1_116' title='bbox 445 920 494 948; x_wconf 88' lang='lat' dir='ltr'>curn</span> <span class='ocrx_word' id='word_1_117' title='bbox 509 908 649 958; x_wconf 81' lang='lat' dir='ltr'>intelligimus</span> <span class='ocrx_word' id='word_1_118' title='bbox 660 920 706 948; x_wconf 90' lang='lat' dir='ltr'>esse</span> <span class='ocrx_word' id='word_1_119' title='bbox 717 920 803 958; x_wconf 88' lang='lat' dir='ltr'>corpus.</span> 
     </span>
    </p>
   </div>
   <div class='ocr_carea' id='block_1_7' title="bbox 16 973 865 1033">
    <p class='ocr_par' dir='ltr' id='par_1_7' title="bbox 16 973 865 1033">
     <span class='ocr_line' id='line_1_13' title="bbox 16 973 865 1033; baseline 0.001 -19"><span class='ocrx_word' id='word_1_120' title='bbox 16 974 39 1014; x_wconf 95' lang='lat' dir='ltr'>ln</span> <span class='ocrx_word' id='word_1_121' title='bbox 54 974 132 1030; x_wconf 87' lang='lat' dir='ltr'>quibus</span> <span class='ocrx_word' id='word_1_122' title='bbox 147 973 232 1033; x_wconf 87' lang='lat' dir='ltr'>duobus</span> <span class='ocrx_word' id='word_1_123' title='bbox 247 973 361 1024; x_wconf 88' lang='lat' dir='ltr'>generibus</span> <span class='ocrx_word' id='word_1_124' title='bbox 376 974 428 1015; x_wconf 92' lang='lat' dir='ltr'>illud</span> <span class='ocrx_word' id='word_1_125' title='bbox 443 976 536 1024; x_wconf 90' lang='lat' dir='ltr'>primum</span> <span class='ocrx_word' id='word_1_126' title='bbox 552 987 589 1024; x_wconf 90' lang='lat' dir='ltr'>per</span> <span class='ocrx_word' id='word_1_127' title='bbox 604 987 651 1022; x_wconf 92' lang='lat' dir='ltr'>nos</span> <span class='ocrx_word' id='word_1_128' title='bbox 670 975 685 1015; x_wconf 89' lang='lat' dir='ltr'>i.·</span> <span class='ocrx_word' id='word_1_129' title='bbox 696 987 715 1016; x_wconf 91' lang='lat' dir='ltr'>e</span> <span class='ocrx_word' id='word_1_130' title='bbox 735 975 761 1016; x_wconf 91' lang='lat' dir='ltr'>de</span> <span class='ocrx_word' id='word_1_131' title='bbox 779 987 805 1015; x_wconf 86' lang='lat' dir='ltr'>eo</span> <span class='ocrx_word' id='word_1_132' title='bbox 864 984 865 987; x_wconf 73' lang='grc'>’</span> 
     </span>
    </p>
   </div>
   <div class='ocr_carea' id='block_1_8' title="bbox 16 1040 805 2061">
    <p class='ocr_par' dir='ltr' id='par_1_8' title="bbox 16 1040 805 1220">
     <span class='ocr_line' id='line_1_14' title="bbox 16 1040 805 1090; baseline 0.001 -10"><span class='ocrx_word' id='word_1_133' title='bbox 16 1040 75 1090; x_wconf 89' lang='lat' dir='ltr'>quod</span> <span class='ocrx_word' id='word_1_134' title='bbox 90 1040 147 1090; x_wconf 92' lang='lat' dir='ltr'>apud</span> <span class='ocrx_word' id='word_1_135' title='bbox 162 1052 202 1080; x_wconf 87' lang='lat' dir='ltr'>nos</span> <span class='ocrx_word' id='word_1_136' title='bbox 217 1043 248 1081; x_wconf 91' lang='lat' dir='ltr'>est</span> <span class='ocrx_word' id='word_1_137' title='bbox 263 1040 332 1080; x_wconf 84' lang='lat' dir='ltr'>Deum</span> <span class='ocrx_word' id='word_1_138' title='bbox 347 1041 491 1088; x_wconf 84' lang='lat' dir='ltr'>consulendo;</span> <span class='ocrx_word' id='word_1_139' title='bbox 507 1040 549 1081; x_wconf 89' lang='lat' dir='ltr'>hoc</span> <span class='ocrx_word' id='word_1_140' title='bbox 563 1044 599 1082; x_wconf 85' lang='lat' dir='ltr'>aut</span> <span class='ocrx_word' id='word_1_141' title='bbox 600 1053 634 1081; x_wconf 88' lang='lat' dir='ltr'>ern</span> <span class='ocrx_word' id='word_1_142' title='bbox 649 1041 767 1081; x_wconf 88' lang='lat' dir='ltr'>secundum</span> <span class='ocrx_word' id='word_1_143' title='bbox 778 1041 805 1081; x_wconf 93' lang='lat' dir='ltr'>de</span> 
     </span>
     <span class='ocr_line' id='line_1_15' title="bbox 16 1099 804 1171; baseline 0.001 -25"><span class='ocrx_word' id='word_1_144' title='bbox 16 1118 42 1146; x_wconf 89' lang='lat' dir='ltr'>eo</span> <span class='ocrx_word' id='word_1_145' title='bbox 57 1106 116 1155; x_wconf 89' lang='lat' dir='ltr'>quod</span> <span class='ocrx_word' id='word_1_146' title='bbox 131 1118 143 1146; x_wconf 91' lang='lat' dir='ltr'>a</span> <span class='ocrx_word' id='word_1_147' title='bbox 157 1104 249 1155; x_wconf 76' lang='lat' dir='ltr'>cerpore</span> <span class='ocrx_word' id='word_1_148' title='bbox 262 1118 370 1156; x_wconf 83' lang='lat' dir='ltr'>sensuque</span> <span class='ocrx_word' id='word_1_149' title='bbox 384 1099 499 1154; x_wconf 83' lang='lat' dir='ltr'>nuntiatur,</span> <span class='ocrx_word' id='word_1_150' title='bbox 516 1106 656 1147; x_wconf 88' lang='lat' dir='ltr'>nihilominus</span> <span class='ocrx_word' id='word_1_151' title='bbox 671 1106 740 1147; x_wconf 86' lang='lat' dir='ltr'>Deum</span> <span class='ocrx_word' id='word_1_152' title='bbox 755 1119 804 1171; x_wconf 86' lang='lat' dir='ltr'>con·</span> 
     </span>
     <span class='ocr_line' id='line_1_16' title="bbox 16 1170 267 1220; baseline 0.004 -10"><span class='ocrx_word' id='word_1_153' title='bbox 16 1170 107 1211; x_wconf 87' lang='lat' dir='ltr'>sulendo</span> <span class='ocrx_word' id='word_1_154' title='bbox 122 1171 267 1220; x_wconf 85' lang='lat' dir='ltr'>intelligimus,</span> 
     </span>
    </p>

    <p class='ocr_par' dir='ltr' id='par_1_9' title="bbox 17 1207 805 2061">
     <span class='ocr_line' id='line_1_17' title="bbox 70 1207 804 1283; baseline 0.001 -8"><span class='ocrx_word' id='word_1_155' title='bbox 70 1235 104 1275; x_wconf 84' lang='lat' dir='ltr'>De</span> <span class='ocrx_word' id='word_1_156' title='bbox 128 1236 184 1276; x_wconf 78' lang='lat' dir='ltr'>Tria.</span> <span class='ocrx_word' id='word_1_157' title='bbox 207 1236 253 1283; x_wconf 85' lang='lat' dir='ltr'>Xll,</span> <span class='ocrx_word' id='word_1_158' title='bbox 276 1236 298 1283; x_wconf 90' lang='lat' dir='ltr'>ii,</span> <span class='ocrx_word' id='word_1_159' title='bbox 320 1237 343 1283; x_wconf 85' lang='lat'>2;</span> <span class='ocrx_word' id='word_1_160' title='bbox 367 1236 502 1276; x_wconf 88' lang='lat' dir='ltr'>Sublimioris</span> <span class='ocrx_word' id='word_1_161' title='bbox 519 1237 607 1277; x_wconf 89' lang='lat' dir='ltr'>rationis</span> <span class='ocrx_word' id='word_1_162' title='bbox 625 1209 656 1276; x_wconf 83' lang='lat' dir='ltr'>est</span> <span class='ocrx_word' id='word_1_163' title='bbox 671 1207 763 1277; x_wconf 87' lang='lat' dir='ltr'>iudicare</span> <span class='ocrx_word' id='word_1_164' title='bbox 778 1227 804 1276; x_wconf 87' lang='lat' dir='ltr'>de</span> 
     </span>
     <span class='ocr_line' id='line_1_18' title="bbox 18 1290 803 1350; baseline 0 -10"><span class='ocrx_word' id='word_1_165' title='bbox 18 1301 62 1340; x_wconf 88' lang='lat' dir='ltr'>istis</span> <span class='ocrx_word' id='word_1_166' title='bbox 77 1300 225 1350; x_wconf 84' lang='lat' dir='ltr'>corporalibus</span> <span class='ocrx_word' id='word_1_167' title='bbox 235 1301 353 1341; x_wconf 89' lang='lat' dir='ltr'>secundum</span> <span class='ocrx_word' id='word_1_168' title='bbox 364 1302 457 1341; x_wconf 92' lang='lat' dir='ltr'>rationes</span> <span class='ocrx_word' id='word_1_169' title='bbox 472 1290 616 1350; x_wconf 87' lang='lat' dir='ltr'>incorporales</span> <span class='ocrx_word' id='word_1_170' title='bbox 627 1304 647 1341; x_wconf 89' lang='lat' dir='ltr'>et</span> <span class='ocrx_word' id='word_1_171' title='bbox 656 1303 803 1350; x_wconf 82' lang='lat' dir='ltr'>sempiternas:</span> 
     </span>
     <span class='ocr_line' id='line_1_19' title="bbox 17 1365 804 1414; baseline 0.001 -10"><span class='ocrx_word' id='word_1_172' title='bbox 17 1377 71 1413; x_wconf 82' lang='lat' dir='ltr'>quae</span> <span class='ocrx_word' id='word_1_173' title='bbox 86 1366 125 1405; x_wconf 91' lang='lat' dir='ltr'>nisi</span> <span class='ocrx_word' id='word_1_174' title='bbox 141 1377 205 1414; x_wconf 90' lang='lat' dir='ltr'>supra</span> <span class='ocrx_word' id='word_1_175' title='bbox 219 1368 312 1405; x_wconf 88' lang='lat' dir='ltr'>mentem</span> <span class='ocrx_word' id='word_1_176' title='bbox 329 1365 443 1405; x_wconf 86' lang='lat' dir='ltr'>humanam</span> <span class='ocrx_word' id='word_1_177' title='bbox 462 1368 539 1413; x_wconf 82' lang='lat' dir='ltr'>essent,</span> <span class='ocrx_word' id='word_1_178' title='bbox 556 1365 741 1406; x_wconf 88' lang='lat' dir='ltr'>incommutabiles</span> <span class='ocrx_word' id='word_1_179' title='bbox 756 1378 804 1414; x_wconf 93' lang='lat' dir='ltr'>pro-</span> 
     </span>
     <span class='ocr_line' id='line_1_20' title="bbox 17 1419 802 1479; baseline -0.001 -10"><span class='ocrx_word' id='word_1_180' title='bbox 17 1419 73 1469; x_wconf 86' lang='lat' dir='ltr'>tecto</span> <span class='ocrx_word' id='word_1_181' title='bbox 89 1442 132 1469; x_wconf 94' lang='lat' dir='ltr'>non</span> <span class='ocrx_word' id='word_1_182' title='bbox 148 1432 229 1477; x_wconf 77' lang='lat' dir='ltr'>essent3</span> <span class='ocrx_word' id='word_1_183' title='bbox 245 1432 308 1478; x_wconf 85' lang='lat' dir='ltr'>atque</span> <span class='ocrx_word' id='word_1_184' title='bbox 323 1429 356 1470; x_wconf 91' lang='lat' dir='ltr'>his</span> <span class='ocrx_word' id='word_1_185' title='bbox 370 1431 410 1469; x_wconf 92' lang='lat' dir='ltr'>nisi</span> <span class='ocrx_word' id='word_1_186' title='bbox 425 1429 590 1478; x_wconf 89' lang='lat' dir='ltr'>subiungeretur</span> <span class='ocrx_word' id='word_1_187' title='bbox 604 1430 802 1479; x_wconf 8' lang='lat' dir='ltr'>aliquidguostrum</span> 
     </span>
     <span class='ocr_line' id='line_1_21' title="bbox 18 1493 804 1542; baseline 0 -10"><span class='ocrx_word' id='word_1_188' title='bbox 18 1505 61 1532; x_wconf 91' lang='lat' dir='ltr'>non</span> <span class='ocrx_word' id='word_1_189' title='bbox 76 1493 194 1533; x_wconf 90' lang='lat' dir='ltr'>secundum</span> <span class='ocrx_word' id='word_1_190' title='bbox 217 1505 252 1533; x_wconf 92' lang='lat' dir='ltr'>eas</span> <span class='ocrx_word' id='word_1_191' title='bbox 274 1505 387 1542; x_wconf 91' lang='lat' dir='ltr'>possemus</span> <span class='ocrx_word' id='word_1_192' title='bbox 402 1494 494 1533; x_wconf 90' lang='lat' dir='ltr'>iudicare</span> <span class='ocrx_word' id='word_1_193' title='bbox 509 1494 536 1533; x_wconf 92' lang='lat' dir='ltr'>de</span> <span class='ocrx_word' id='word_1_194' title='bbox 550 1493 705 1542; x_wconf 88' lang='lat' dir='ltr'>corporalibus.</span> <span class='ocrx_word' id='word_1_195' title='bbox 724 1493 804 1532; x_wconf 90' lang='lat' dir='ltr'>ludica·</span> 
     </span>
     <span class='ocr_line' id='line_1_22' title="bbox 18 1556 804 1605; baseline 0 -10"><span class='ocrx_word' id='word_1_196' title='bbox 18 1568 66 1596; x_wconf 92' lang='lat' dir='ltr'>mus</span> <span class='ocrx_word' id='word_1_197' title='bbox 80 1560 151 1597; x_wconf 89' lang='lat' dir='ltr'>autem</span> <span class='ocrx_word' id='word_1_198' title='bbox 167 1556 193 1596; x_wconf 91' lang='lat' dir='ltr'>de</span> <span class='ocrx_word' id='word_1_199' title='bbox 208 1556 356 1605; x_wconf 88' lang='lat' dir='ltr'>corporalibus</span> <span class='ocrx_word' id='word_1_200' title='bbox 370 1569 396 1596; x_wconf 87' lang='lat' dir='ltr'>ex</span> <span class='ocrx_word' id='word_1_201' title='bbox 406 1557 487 1596; x_wconf 90' lang='lat' dir='ltr'>ratione</span> <span class='ocrx_word' id='word_1_202' title='bbox 502 1557 660 1596; x_wconf 89' lang='lat' dir='ltr'>dimensionum</span> <span class='ocrx_word' id='word_1_203' title='bbox 674 1559 736 1604; x_wconf 87' lang='lat' dir='ltr'>atque</span> <span class='ocrx_word' id='word_1_204' title='bbox 750 1556 804 1604; x_wconf 85' lang='lat' dir='ltr'>tigu-</span> 
     </span>
     <span class='ocr_line' id='line_1_23' title="bbox 18 1618 803 1670; baseline -0.001 -10"><span class='ocrx_word' id='word_1_205' title='bbox 18 1632 97 1669; x_wconf 86' lang='lat' dir='ltr'>rarum,</span> <span class='ocrx_word' id='word_1_206' title='bbox 113 1632 177 1670; x_wconf 84' lang='lat' dir='ltr'>quarn</span> <span class='ocrx_word' id='word_1_207' title='bbox 193 1619 396 1661; x_wconf 85' lang='lat' dir='ltr'>incommutabiliter</span> <span class='ocrx_word' id='word_1_208' title='bbox 411 1631 496 1660; x_wconf 84' lang='lat' dir='ltr'>manere</span> <span class='ocrx_word' id='word_1_209' title='bbox 511 1620 652 1660; x_wconf 87' lang='lat' dir='ltr'>mensnovit.</span> <span class='ocrx_word' id='word_1_210' title='bbox 669 1620 698 1667; x_wconf 88' lang='lat' dir='ltr'>iii,</span> <span class='ocrx_word' id='word_1_211' title='bbox 714 1621 734 1659; x_wconf 82' lang='lat'>3.</span> <span class='ocrx_word' id='word_1_212' title='bbox 750 1618 803 1659; x_wconf 91' lang='lat' dir='ltr'>lllud</span> 
     </span>
     <span class='ocr_line' id='line_1_24' title="bbox 18 1685 803 1736; baseline -0.004 -8"><span class='ocrx_word' id='word_1_213' title='bbox 18 1699 69 1728; x_wconf 88' lang='lat' dir='ltr'>vero</span> <span class='ocrx_word' id='word_1_214' title='bbox 84 1689 180 1728; x_wconf 90' lang='lat' dir='ltr'>nostrum</span> <span class='ocrx_word' id='word_1_215' title='bbox 196 1686 255 1736; x_wconf 89' lang='lat' dir='ltr'>quod</span> <span class='ocrx_word' id='word_1_216' title='bbox 277 1687 298 1726; x_wconf 92' lang='lat' dir='ltr'>in</span> <span class='ocrx_word' id='word_1_217' title='bbox 318 1687 402 1727; x_wconf 86' lang='lat' dir='ltr'>actione</span> <span class='ocrx_word' id='word_1_218' title='bbox 417 1686 560 1735; x_wconf 86' lang='lat' dir='ltr'>corporalium</span> <span class='ocrx_word' id='word_1_219' title='bbox 575 1688 638 1736; x_wconf 85' lang='lat' dir='ltr'>atque</span> <span class='ocrx_word' id='word_1_220' title='bbox 653 1685 803 1734; x_wconf 87' lang='lat' dir='ltr'>temporalium</span> 
     </span>
     <span class='ocr_line' id='line_1_25' title="bbox 18 1751 804 1808; baseline -0.004 -15"><span class='ocrx_word' id='word_1_221' title='bbox 18 1753 178 1793; x_wconf 89' lang='lat' dir='ltr'>tractandorum</span> <span class='ocrx_word' id='word_1_222' title='bbox 195 1753 223 1793; x_wconf 91' lang='lat' dir='ltr'>ita</span> <span class='ocrx_word' id='word_1_223' title='bbox 237 1754 338 1799; x_wconf 85' lang='lat' dir='ltr'>servatur,</span> <span class='ocrx_word' id='word_1_224' title='bbox 355 1755 435 1792; x_wconf 88' lang='lat' dir='ltr'>utnon</span> <span class='ocrx_word' id='word_1_225' title='bbox 450 1753 476 1792; x_wconf 88' lang='lat' dir='ltr'>sit</span> <span class='ocrx_word' id='word_1_226' title='bbox 491 1751 553 1792; x_wconf 91' lang='lat' dir='ltr'>nobis</span> <span class='ocrx_word' id='word_1_227' title='bbox 568 1763 683 1792; x_wconf 89' lang='lat' dir='ltr'>commune</span> <span class='ocrx_word' id='word_1_228' title='bbox 699 1763 748 1808; x_wconf 82' lang='lat' dir='ltr'>cum</span> <span class='ocrx_word' id='word_1_229' title='bbox 769 1763 804 1800; x_wconf 92' lang='lat' dir='ltr'>pe·</span> 
     </span>
     <span class='ocr_line' id='line_1_26' title="bbox 19 1815 804 1867; baseline -0.004 -10"><span class='ocrx_word' id='word_1_230' title='bbox 19 1829 76 1864; x_wconf 81' lang='lat' dir='ltr'>core.</span> <span class='ocrx_word' id='word_1_231' title='bbox 93 1817 195 1867; x_wconf 87' lang='lat' dir='ltr'>rationale</span> <span class='ocrx_word' id='word_1_232' title='bbox 210 1817 297 1866; x_wconf 89' lang='lat' dir='ltr'>quidem</span> <span class='ocrx_word' id='word_1_233' title='bbox 313 1820 352 1864; x_wconf 86' lang='lat' dir='ltr'>est,</span> <span class='ocrx_word' id='word_1_234' title='bbox 368 1816 406 1857; x_wconf 87' lang='lat' dir='ltr'>sed</span> <span class='ocrx_word' id='word_1_235' title='bbox 421 1828 446 1856; x_wconf 88' lang='lat' dir='ltr'>ex</span> <span class='ocrx_word' id='word_1_236' title='bbox 461 1816 495 1856; x_wconf 91' lang='lat' dir='ltr'>illa</span> <span class='ocrx_word' id='word_1_237' title='bbox 510 1816 606 1856; x_wconf 87' lang='lat' dir='ltr'>rationali</span> <span class='ocrx_word' id='word_1_238' title='bbox 622 1818 706 1856; x_wconf 90' lang='lat' dir='ltr'>nostrae</span> <span class='ocrx_word' id='word_1_239' title='bbox 728 1815 804 1855; x_wconf 88' lang='lat' dir='ltr'>mentis</span> 
     </span>
     <span class='ocr_line' id='line_1_27' title="bbox 18 1878 803 1931; baseline -0.005 -9"><span class='ocrx_word' id='word_1_240' title='bbox 18 1882 143 1929; x_wconf 85' lang='lat' dir='ltr'>substantia,</span> <span class='ocrx_word' id='word_1_241' title='bbox 167 1893 209 1931; x_wconf 87' lang='lat' dir='ltr'>qua</span> <span class='ocrx_word' id='word_1_242' title='bbox 230 1881 383 1921; x_wconf 89' lang='lat' dir='ltr'>subhaeremus</span> <span class='ocrx_word' id='word_1_243' title='bbox 405 1880 531 1929; x_wconf 83' lang='lat' dir='ltr'>intelligibili</span> <span class='ocrx_word' id='word_1_244' title='bbox 553 1882 616 1928; x_wconf 85' lang='lat' dir='ltr'>atque</span> <span class='ocrx_word' id='word_1_245' title='bbox 635 1878 803 1919; x_wconf 80' lang='lat' dir='ltr'>incommutabili</span> 
     </span>
     <span class='ocr_line' id='line_1_28' title="bbox 19 1943 805 1995; baseline -0.005 -8"><span class='ocrx_word' id='word_1_246' title='bbox 19 1948 108 1994; x_wconf 85' lang='lat' dir='ltr'>veritati,</span> <span class='ocrx_word' id='word_1_247' title='bbox 125 1949 225 1995; x_wconf 86' lang='lat' dir='ltr'>tanquam</span> <span class='ocrx_word' id='word_1_248' title='bbox 241 1946 329 1986; x_wconf 88' lang='lat' dir='ltr'>ductum</span> <span class='ocrx_word' id='word_1_249' title='bbox 344 1948 365 1986; x_wconf 92' lang='lat' dir='ltr'>et</span> <span class='ocrx_word' id='word_1_250' title='bbox 379 1945 515 1985; x_wconf 81' lang='lat' dir='ltr'>interioribus</span> <span class='ocrx_word' id='word_1_251' title='bbox 530 1944 643 1984; x_wconf 88' lang='lat' dir='ltr'>tractandis</span> <span class='ocrx_word' id='word_1_252' title='bbox 651 1943 805 1992; x_wconf 87' lang='lat' dir='ltr'>gubernandis-</span> 
     </span>
     <span class='ocr_line' id='line_1_29' title="bbox 19 2012 258 2061; baseline -0.008 -9"><span class='ocrx_word' id='word_1_253' title='bbox 19 2024 61 2061; x_wconf 85' lang='lat' dir='ltr'>que</span> <span class='ocrx_word' id='word_1_254' title='bbox 79 2012 204 2061; x_wconf 87' lang='lat' dir='ltr'>deputatum</span> <span class='ocrx_word' id='word_1_255' title='bbox 220 2014 258 2051; x_wconf 89' lang='lat' dir='ltr'>est.</span> 
     </span>
    </p>
   </div>
   <div class='ocr_carea' id='block_1_9' title="bbox 20 2116 826 2581">
    <p class='ocr_par' dir='ltr' id='par_1_10' title="bbox 20 2116 826 2581">
     <span class='ocr_line' id='line_1_30' title="bbox 67 2116 804 2165; baseline -0.003 -12"><span class='ocrx_word' id='word_1_256' title='bbox 67 2128 87 2154; x_wconf 92' lang='lat' dir='ltr'>a.</span> <span class='ocrx_word' id='word_1_257' title='bbox 107 2119 204 2165; x_wconf 86' lang='lat' dir='ltr'>Superiori</span> <span class='ocrx_word' id='word_1_258' title='bbox 217 2119 284 2155; x_wconf 88' lang='lat' dir='ltr'>rationi</span> <span class='ocrx_word' id='word_1_259' title='bbox 304 2117 401 2162; x_wconf 86' lang='lat' dir='ltr'>sapientia,</span> <span class='ocrx_word' id='word_1_260' title='bbox 414 2116 497 2152; x_wconf 86' lang='lat' dir='ltr'>interiori</span> <span class='ocrx_word' id='word_1_261' title='bbox 516 2116 594 2151; x_wconf 87' lang='lat' dir='ltr'>scientia</span> <span class='ocrx_word' id='word_1_262' title='bbox 607 2116 690 2151; x_wconf 85' lang='lat' dir='ltr'>retertur.</span> <span class='ocrx_word' id='word_1_263' title='bbox 709 2117 739 2152; x_wconf 81' lang='lat' dir='ltr'>De</span> <span class='ocrx_word' id='word_1_264' title='bbox 754 2116 804 2151; x_wconf 80' lang='lat' dir='ltr'>Trr’rz.</span> 
     </span>
     <span class='ocr_line' id='line_1_31' title="bbox 20 2174 805 2223; baseline -0.006 -9"><span class='ocrx_word' id='word_1_265' title='bbox 20 2179 60 2222; x_wconf 84' lang='lat' dir='ltr'>xli,</span> <span class='ocrx_word' id='word_1_266' title='bbox 73 2190 104 2223; x_wconf 86' lang='lat' dir='ltr'>xv,</span> <span class='ocrx_word' id='word_1_267' title='bbox 116 2179 151 2214; x_wconf 87' lang='lat'>25:</span> <span class='ocrx_word' id='word_1_268' title='bbox 172 2177 207 2213; x_wconf 85' lang='lat' dir='ltr'>«Si</span> <span class='ocrx_word' id='word_1_269' title='bbox 221 2188 267 2223; x_wconf 89' lang='lat' dir='ltr'>ergo</span> <span class='ocrx_word' id='word_1_270' title='bbox 280 2177 327 2212; x_wconf 88' lang='lat' dir='ltr'>haec</span> <span class='ocrx_word' id='word_1_271' title='bbox 337 2178 368 2215; x_wconf 85' lang='lat' dir='ltr'>est</span> <span class='ocrx_word' id='word_1_272' title='bbox 380 2174 483 2221; x_wconf 86' lang='lat' dir='ltr'>sapientiae</span> <span class='ocrx_word' id='word_1_273' title='bbox 502 2177 520 2210; x_wconf 91' lang='lat' dir='ltr'>et</span> <span class='ocrx_word' id='word_1_274' title='bbox 538 2175 627 2210; x_wconf 87' lang='lat' dir='ltr'>scientiae</span> <span class='ocrx_word' id='word_1_275' title='bbox 640 2176 690 2210; x_wconf 87' lang='lat' dir='ltr'>recta</span> <span class='ocrx_word' id='word_1_276' title='bbox 705 2175 805 2216; x_wconf 84' lang='lat' dir='ltr'>distinctio,</span> 
     </span>
     <span class='ocr_line' id='line_1_32' title="bbox 20 2232 806 2283; baseline -0.006 -10"><span class='ocrx_word' id='word_1_277' title='bbox 20 2238 40 2272; x_wconf 80' lang='lat' dir='ltr'>ut</span> <span class='ocrx_word' id='word_1_278' title='bbox 52 2236 77 2272; x_wconf 90' lang='lat' dir='ltr'>ad</span> <span class='ocrx_word' id='word_1_279' title='bbox 90 2237 202 2283; x_wconf 88' lang='lat' dir='ltr'>sapientiam</span> <span class='ocrx_word' id='word_1_280' title='bbox 216 2236 308 2282; x_wconf 87' lang='lat' dir='ltr'>pertineat</span> <span class='ocrx_word' id='word_1_281' title='bbox 320 2237 438 2270; x_wconf 89' lang='lat' dir='ltr'>aeternarum</span> <span class='ocrx_word' id='word_1_282' title='bbox 452 2244 514 2269; x_wconf 90' lang='lat' dir='ltr'>rerum</span> <span class='ocrx_word' id='word_1_283' title='bbox 527 2232 612 2278; x_wconf 87' lang='lat' dir='ltr'>cognitio</span> <span class='ocrx_word' id='word_1_284' title='bbox 625 2233 762 2278; x_wconf 83' lang='lat' dir='ltr'>intellectualis,</span> <span class='ocrx_word' id='word_1_285' title='bbox 781 2233 806 2268; x_wconf 89' lang='lat' dir='ltr'>ad</span> 
     </span>
     <span class='ocr_line' id='line_1_33' title="bbox 20 2291 806 2342; baseline -0.006 -9"><span class='ocrx_word' id='word_1_286' title='bbox 20 2296 118 2333; x_wconf 91' lang='lat' dir='ltr'>scientiam</span> <span class='ocrx_word' id='word_1_287' title='bbox 127 2306 172 2333; x_wconf 90' lang='lat' dir='ltr'>vero</span> <span class='ocrx_word' id='word_1_288' title='bbox 181 2294 315 2342; x_wconf 86' lang='lat' dir='ltr'>temporalium</span> <span class='ocrx_word' id='word_1_289' title='bbox 328 2304 391 2330; x_wconf 89' lang='lat' dir='ltr'>rerum</span> <span class='ocrx_word' id='word_1_290' title='bbox 404 2291 488 2338; x_wconf 85' lang='lat' dir='ltr'>cognitio</span> <span class='ocrx_word' id='word_1_291' title='bbox 497 2291 609 2328; x_wconf 87' lang='lat' dir='ltr'>rationalis:</span> <span class='ocrx_word' id='word_1_292' title='bbox 623 2291 669 2337; x_wconf 87' lang='lat' dir='ltr'>quid</span> <span class='ocrx_word' id='word_1_293' title='bbox 683 2291 713 2327; x_wconf 90' lang='lat' dir='ltr'>cui</span> <span class='ocrx_word' id='word_1_294' title='bbox 726 2302 806 2338; x_wconf 87' lang='lat' dir='ltr'>praepo·</span> 
     </span>
     <span class='ocr_line' id='line_1_34' title="bbox 20 2351 806 2398; baseline -0.009 -4"><span class='ocrx_word' id='word_1_295' title='bbox 20 2357 106 2394; x_wconf 92' lang='lat' dir='ltr'>nendum</span> <span class='ocrx_word' id='word_1_296' title='bbox 115 2357 187 2394; x_wconf 90' lang='lat' dir='ltr'>sitnon</span> <span class='ocrx_word' id='word_1_297' title='bbox 200 2351 228 2393; x_wconf 81' lang='lat' dir='ltr'>est</span> <span class='ocrx_word' id='word_1_298' title='bbox 238 2354 315 2392; x_wconf 79' lang='lat' dir='ltr'>difficile</span> <span class='ocrx_word' id='word_1_299' title='bbox 327 2353 454 2391; x_wconf 84' lang='lat' dir='ltr'>diiudicare».</span> <span class='ocrx_word' id='word_1_300' title='bbox 467 2351 515 2388; x_wconf 85' lang='lat' dir='ltr'>lbid.</span> <span class='ocrx_word' id='word_1_301' title='bbox 528 2351 577 2396; x_wconf 87' lang='lat' dir='ltr'>Xlll,</span> <span class='ocrx_word' id='word_1_302' title='bbox 590 2352 601 2397; x_wconf 87' lang='lat' dir='ltr'>i,</span> <span class='ocrx_word' id='word_1_303' title='bbox 616 2353 638 2388; x_wconf 86' lang='lat' dir='ltr'>i:</span> <span class='ocrx_word' id='word_1_304' title='bbox 658 2365 666 2381; x_wconf 81' lang='lat'>«</span> <span class='ocrx_word' id='word_1_305' title='bbox 674 2351 718 2388; x_wconf 84' lang='lat' dir='ltr'>satis</span> <span class='ocrx_word' id='word_1_306' title='bbox 731 2352 806 2398; x_wconf 88' lang='lat' dir='ltr'>egimus</span> 
     </span>
     <span class='ocr_line' id='line_1_35' title="bbox 21 2411 806 2458; baseline -0.008 -4"><span class='ocrx_word' id='word_1_307' title='bbox 21 2417 128 2454; x_wconf 83' lang='lat' dir='ltr'>discernere</span> <span class='ocrx_word' id='word_1_308' title='bbox 148 2417 243 2454; x_wconf 87' lang='lat' dir='ltr'>rationalis</span> <span class='ocrx_word' id='word_1_309' title='bbox 262 2414 330 2451; x_wconf 89' lang='lat' dir='ltr'>mentis</span> <span class='ocrx_word' id='word_1_310' title='bbox 349 2413 433 2450; x_wconf 85' lang='lat' dir='ltr'>oiiicium</span> <span class='ocrx_word' id='word_1_311' title='bbox 452 2411 471 2448; x_wconf 90' lang='lat' dir='ltr'>in</span> <span class='ocrx_word' id='word_1_312' title='bbox 490 2411 627 2458; x_wconf 88' lang='lat' dir='ltr'>temporalibus</span> <span class='ocrx_word' id='word_1_313' title='bbox 643 2411 705 2456; x_wconf 91' lang='lat' dir='ltr'>rebus,</span> <span class='ocrx_word' id='word_1_314' title='bbox 720 2412 753 2448; x_wconf 88' lang='lat' dir='ltr'>ubi</span> <span class='ocrx_word' id='word_1_315' title='bbox 766 2422 806 2448; x_wconf 94' lang='lat' dir='ltr'>non</span> 
     </span>
     <span class='ocr_line' id='line_1_36' title="bbox 21 2471 806 2524; baseline -0.011 -10"><span class='ocrx_word' id='word_1_316' title='bbox 21 2478 85 2513; x_wconf 91' lang='lat' dir='ltr'>solum</span> <span class='ocrx_word' id='word_1_317' title='bbox 98 2477 182 2524; x_wconf 81' lang='lat' dir='ltr'>cognitio</span> <span class='ocrx_word' id='word_1_318' title='bbox 195 2487 261 2513; x_wconf 89' lang='lat' dir='ltr'>verum</span> <span class='ocrx_word' id='word_1_319' title='bbox 274 2476 292 2511; x_wconf 88' lang='lat' dir='ltr'>et</span> <span class='ocrx_word' id='word_1_320' title='bbox 304 2474 353 2510; x_wconf 90' lang='lat' dir='ltr'>actio</span> <span class='ocrx_word' id='word_1_321' title='bbox 366 2474 431 2509; x_wconf 89' lang='lat' dir='ltr'>nostra</span> <span class='ocrx_word' id='word_1_322' title='bbox 443 2474 531 2516; x_wconf 85' lang='lat' dir='ltr'>versatur,</span> <span class='ocrx_word' id='word_1_323' title='bbox 544 2471 568 2506; x_wconf 87' lang='lat' dir='ltr'>ab</span> <span class='ocrx_word' id='word_1_324' title='bbox 582 2471 705 2507; x_wconf 85' lang='lat' dir='ltr'>exellentiore</span> <span class='ocrx_word' id='word_1_325' title='bbox 720 2471 806 2507; x_wconf 87' lang='lat' dir='ltr'>eiusdem</span> 
     </span>
     <span class='ocr_line' id='line_1_37' title="bbox 22 2529 826 2581; baseline -0.011 -8"><span class='ocrx_word' id='word_1_326' title='bbox 22 2536 90 2572; x_wconf 88' lang='lat' dir='ltr'>ruentis</span> <span class='ocrx_word' id='word_1_327' title='bbox 109 2536 180 2580; x_wconf 77' lang='lat' dir='ltr'>officio,</span> <span class='ocrx_word' id='word_1_328' title='bbox 193 2535 247 2581; x_wconf 93' lang='lat' dir='ltr'>quod</span> <span class='ocrx_word' id='word_1_329' title='bbox 260 2531 412 2579; x_wconf 89' lang='lat' dir='ltr'>contemplandis</span> <span class='ocrx_word' id='word_1_330' title='bbox 425 2530 506 2566; x_wconf 86' lang='lat' dir='ltr'>aeternis</span> <span class='ocrx_word' id='word_1_331' title='bbox 519 2529 576 2565; x_wconf 91' lang='lat' dir='ltr'>rebus</span> <span class='ocrx_word' id='word_1_332' title='bbox 588 2529 710 2575; x_wconf 87' lang='lat' dir='ltr'>impenditur,</span> <span class='ocrx_word' id='word_1_333' title='bbox 729 2531 748 2565; x_wconf 93' lang='lat' dir='ltr'>et</span> <span class='ocrx_word' id='word_1_334' title='bbox 766 2529 807 2565; x_wconf 91' lang='lat' dir='ltr'>sola</span> <span class='ocrx_word' id='word_1_335' title='bbox 824 2540 826 2542; x_wconf 92' lang='lat'>·</span> 
     </span>
    </p>
   </div>
   <div class='ocr_carea' id='block_1_10' title="bbox 21 2594 232 2641">
    <p class='ocr_par' dir='ltr' id='par_1_11' title="bbox 21 2594 232 2641">
     <span class='ocr_line' id='line_1_38' title="bbox 21 2594 232 2641; baseline -0.005 -11"><span class='ocrx_word' id='word_1_336' title='bbox 21 2594 133 2641; x_wconf 86' lang='lat' dir='ltr'>cognitione</span> <span class='ocrx_word' id='word_1_337' title='bbox 145 2594 210 2631; x_wconf 80' lang='lat' dir='ltr'>linitur</span> <span class='ocrx_word' id='word_1_338' title='bbox 217 2608 232 2630; x_wconf 64' lang='lat' dir='ltr'>a.</span> 
     </span>
    </p>
   </div>
   <div class='ocr_carea' id='block_1_11' title="bbox 0 0 896 2978">
    <p class='ocr_par' dir='ltr' id='par_1_12' title="bbox 0 0 896 2978">
     <span class='ocr_line' id='line_1_39' title="bbox 0 0 896 2978; baseline 0 0"><span class='ocrx_word' id='word_1_339' title='bbox 0 0 896 2978; x_wconf 95' lang='lat' dir='ltr'> </span> 
     </span>
    </p>
   </div>
  </div>
 </body>
</html>
