1768 2978
180 586 182 589 ’
216 669 219 673 ’
257 592 395 645 vnoer<
421 595 547 650 Retron

770 845 805 865 ΡΜΣ.

22 872 192 910 Praefatio
230 902 276 911 ...
299 904 317 913 ,.
355 904 359 911 .
397 887 412 913 .’
438 905 732 919 ........
786 885 805 921 iii

22 931 96 969 Tabula
108 933 244 980 chronologica
260 926 275 970 ’.
312 963 317 972 .
354 963 359 973 .
396 964 400 984 e
438 964 607 975 .....
620 934 648 977 ’.
685 970 689 977 .
727 970 731 978 .
794 956 805 980 ν

414 1057 420 1091 l

35 1138 51 1172 1.
64 1137 156 1173 Noverim
170 1149 207 1183 me,
220 1139 306 1175 noverim
317 1140 344 1176 Te
357 1167 734 1178 ..........
795 1143 802 1176 t

33 1198 50 1232 2.
63 1196 111 1233 Sero
123 1198 141 1233 te
155 1198 235 1234 amavi.
268 1199 271 1204 '
274 1226 734 1237 ............
794 1202 805 1237 2

34 1258 50 1293 3.
64 1256 106 1293 Nisi
120 1257 236 1293 credideritis
249 1269 289 1294 non
302 1258 411 1305 intelligetis
476 1271 477 1274 ¹

90 1320 94 1326 ·’
131 1317 143 1352 i.
156 1316 219 1353 Crede'
231 1319 252 1353 ui
266 1317 360 1364 intelligas
401 1346 734 1357 .........

124 1376 141 1412 ii.
155 1376 241 1423 Intellige
254 1380 274 1413 ut
287 1378 353 1414 credas
358 1406 734 1415 ..........

118 1435 143 1472 iii.
156 1435 274 1472 Intellectum
286 1437 342 1473 valde
354 1448 398 1474 ama

34 1495 45 1530 4
59 1494 151 1531 Nonnihil
165 1495 211 1531 scio.

123 1554 135 1590 i.
149 1555 225 1591 Falsum
239 1556 325 1592 estnihil
339 1568 397 1603 posse
410 1557 480 1603 percipi
482 1584 734 1593 .......
794 1558 805 1594 9

117 1614 136 1650 ii.
149 1614 245 1651 Assensus
258 1627 298 1652 non
311 1616 522 1662 semper.c0nihendus
524 1643 734 1653 ......
783 1618 805 1653 10

34 1675 50 1710 5.
64 1673 103 1716 Qui
116 1673 191 1710 dubitat
203 1674 274 1720 aliquid
290 1676 344 1712 novit
781 1684 783 1689 ’

124 1733 135 1769 i.
149 1734 191 1770 Nisi
204 1745 256 1770 esses
268 1735 307 1771 tatii
320 1746 360 1771 non
373 1746 440 1781 posses
442 1761 734 1772 ........
784 1735 805 1770 12

117 1792 135 1829 ii,
149 1793 216 1836 Qualis
229 1794 253 1830 sit
265 1794 329 1831 anima
342 1805 391 1841 quae
404 1795 486 1831 dubitat.
523 1821 529 1830 .
561 1814 564 1816 -
565 1820 734 1830 .....
784 1795 805 1829 14

33 1852 50 1888 ὁ.
63 1851 161 1889 Ascensus
174 1853 249 1890 animae
262 1854 286 1890 ad
300 1854 364 1890 Deum
399 1879 734 1890 .........
783 1853 805 1888 15

407 1973 422 2009 li

33 2055 50 2090 7.
64 2054 93 2090 De
106 2054 180 2091 visione
193 2056 288 2101 corporali
301 2055 320 2101 (i.
334 2067 350 2092 e.
363 2066 397 2101 per
409 2066 480 2092 sensus
489 2053 586 2099 externos)

129 2115 141 2150 i.
154 2114 207 2157 Quid
220 2126 289 2151 sensus
314 2139 734 2151 ...........
783 2114 805 2148 18

90 2183 91 2186 “
122 2168 141 2204 ii.
154 2168 224 2204 Anima
236 2169 337 2205 sentiendo
351 2179 390 2205 non
403 2163 610 2215 patituracorpore'.
647 2194 652 2202 .
688 2193 693 2201 .
730 2193 734 2201 .
783 2166 805 2201 19
844 2218 845 2221 Ἰ
879 2197 881 2200 ⁴

116 2227 141 2263 iii.
155 2227 208 2270 Quid
221 2228 245 2264 sit
257 2228 326 2264 sentire
339 2227 447 2273 diligentius
459 2227 560 2272 indagatur
564 2252 734 2262 .....
782 2226 805 2260 20

88 2301 92 2307 ·
116 2287 140 2323 iv.
153 2287 417 2334 Dependentiaamenroria
440 2313 444 2323 .
464 2306 466 2310 ·
481 2310 734 2322 .......
782 2284 805 2319 23

122 2357 141 2397 v.¹
153 2346 183 2382 De
195 2357 253 2382 sensu
272 2346 360 2382 interiore
396 2363 402 2381 ·.
439 2370 734 2382 ........
776 2343 804 2378 25

32 2406 49 2442 8.
63 2405 92 2442 De
105 2405 179 2442 visione
192 2398 284 2452 spirituali
298 2404 311 2451 (i
324 2416 341 2442 e.‹
353 2403 503 2451 imaginationis)

88 2478 90 2480 ·
128 2464 359 2511 i.Deimag1nafi0ne.
397 2469 401 2500 ζ
438 2491 443 2500 .
521 2491 526 2499 .
563 2490 567 2498 .
605 2489 610 2498 .
646 2490 651 2510 ‚
688 2489 692 2498 .
729 2489 734 2497 .
782 2460 805 2496 26

122 2524 140 2560 ii.
154 2524 184 2560 De
197 2524 289 2561 memoria
302 2523 401 2560 sensibili.
439 2545 465 2558 .=
480 2548 733 2559 .......
746 2541 747 2545 =
782 2520 805 2555 27

116 2583 141 2620 iii.
154 2584 268 2620 phantasiae
281 2585 299 2620 et
311 2583 443 2629 phantasmata
464 2602 484 2618 ·.
521 2609 525 2617 .
547 2604 549 2607 -
563 2606 734 2616 .....
782 2579 805 2614 28
