1768 2978
275 74 315 116 7.,-
332 81 359 109 oe
368 81 456 117 ¹vrsroue
468 81 586 112 CORPORALI
803 75 825 111 19

34 206 106 239 sumus,
119 192 174 239 cujus
188 193 251 239 parfes
264 194 282 228 et
295 192 389 229 elementa
402 203 442 229 non
455 193 520 230 habita
533 189 577 229 sunt
590 193 717 229 mediantibus
730 195 824 231 sensibus.

34 257 65 293 De
75 253 125 290 Tria.
134 252 166 296 xl,
175 251 193 297 ii,
202 252 222 288 3:
238 265 245 281 a
254 261 278 287 ex
291 261 372 298 corpore
387 252 440 299 quod
447 252 524 289 'videtur
532 252 616 298 gignitur
624 252 673 289 visio
681 267 697 298 >›,
707 267 715 282 ‹<
724 263 748 289 ex
756 252 824 290 visibili

35 318 52 352 et
65 313 141 350 vidente
154 311 239 357 gignitur
251 311 299 347 visio
308 323 323 354 »;
337 313 355 348 et
368 311 391 348 cf.
404 311 450 348 ibid.
463 312 500 357 viii,
514 313 542 348 13.
709 305 712 307 ’

88 370 110 407 d.
124 369 216 406 Definitio
229 369 306 411 recitata
315 371 363 418 satis
376 361 438 406 innuit
450 370 558 417 subjectum
573 371 626 417 quod
639 372 695 407 sentit
708 383 750 408 esse
762 372 823 418 ipsam

35 433 123 469 animam.
136 429 193 471 Quae
201 429 361 476 sententiasaepe
370 429 482 466 inculcatur:
497 445 505 460 «
514 431 559 476 quia
571 432 590 466 et
602 431 671 467 sentire
684 433 702 467 et
715 431 823 468 meminisse

35 491 109 529 animae
124 490 168 525 esti>
183 487 222 533 (De
234 488 287 525 Mus.
300 488 332 534 Vl,
345 489 369 534 iv,
382 488 410 534 7);
428 490 537 535 «quoniam
552 489 621 526 sentire
635 501 674 526 non
690 492 718 527 est
733 492 823 536 corporis,

35 551 69 588 sed
82 542 160 592 animae
166 558 200 594 per
208 558 279 594 corpus
288 562 295 578 >³
310 547 349 593 (De
359 549 406 586 Gen.
415 550 442 585 ad
449 549 485 586 Lit.
499 550 529 595 lll,
538 561 555 594 v,
564 548 592 595 7);
607 561 686 596 «neque
695 551 745 586 enim
755 561 824 599 corpus

35 608 96 653 sentit,
106 607 140 643 sed
153 607 218 642 anima
230 618 265 652 per
277 617 353 652 corpus,
367 618 406 653 quo
419 608 471 643 velut
483 609 550 644 nuntio
564 609 621 644 utitur
633 610 657 645 ad
669 608 792 646 formandum
805 611 823 645 in

35 668 98 714 seipsa
107 665 161 713 qu'od
169 666 288 702 extrinsecus
297 666 434 703 annuntiatur»
445 666 501 712 (lbid.
510 667 551 712 ΧΗ,
560 667 613 711 xxix,
622 666 661 713 5o);
676 668 764 704 «animae
773 669 824 704 eninr
877 678 879 681 ·

35 729 63 763 est
71 726 142 769 dolere,
151 735 191 761 non
200 725 292 770 corporis
301 725 357 762 eiiam
367 726 446 771 quando
455 726 472 762 ei
481 726 560 763 dolendi
569 737 626 762 causa
633 727 706 763 exsistit
712 738 725 775 a
737 737 824 772 corpore,

35 796 79 822 cum
92 785 110 820 in
124 794 148 819 eo
161 784 205 820 loco
219 784 271 819 dolet
287 783 320 819 ubi
336 785 419 821 laeditur
430 796 524 831 corpus».
540 786 560 821 ln
573 785 654 825 Retract.
668 786 681 830 l,
694 786 705 830 i,
718 788 735 828 2,
748 786 825 832 corrigit

35 843 142 880 locutiones
151 842 222 888 quibus
231 842 279 878 dixit
287 843 355 879 oculos
364 843 434 888 videre,
443 854 498 880 aures
507 844 578 887 audire,
587 845 631 880 efc.:
642 859 650 874 «
656 844 688 880 Est
697 844 748 880 enim
757 839 824 880 sensus

36 906 53 940 et
66 902 143 945 mentis3
156 902 190 938 sed
204 913 271 938 eorum
285 913 339 939 more
351 905 397 939 tunc
409 903 508 949 loquebar,
517 904 550 949 qui
559 914 637 939 sensum
650 903 726 939 nonnisi
739 904 824 949 corporis

36 963 101 999 dicunt
113 963 132 1006 et
144 961 242 1010 sensibilia
255 961 332 998 nonnisi
345 963 476 1008 corporalia».

89 1067 113 1107 ii.
128 1065 218 1107 Anima
240 1066 371 1108 sentiendo
389 1079 438 1108 non
454 1069 547 1119 patitur
561 1080 576 1108 a
590 1079 702 1120 corpore.
715 1071 750 1111 De
763 1071 823 1111 Mus.

36 1136 71 1184 Vl,
81 1141 107 1182 v,
123 1136 147 1175 8:
164 1135 343 1176 Verumtamen...
355 1136 468 1184 diligenter
480 1136 659 1177 considerandum
671 1139 702 1176 est
712 1139 782 1176 utrum
794 1148 824 1176 re·

36 1213 84 1241 vera
99 1200 151 1240 nibil
166 1202 193 1241 sit
207 1201 265 1241 aliud
280 1202 339 1250 quod
350 1202 427 1241 dicitur
437 1202 517 1249 audire,
533 1202 572 1241 nisi
591 1202 670 1251 aliquid
681 1214 693 1241 a
703 1213 793 1250 corpore
803 1203 824 1241 in

37 1267 106 1306 anima
121 1265 175 1305 fieri.
191 1265 233 1307 Sed
249 1265 403 1315 perabsurdum
419 1269 451 1306 est
465 1267 585 1307 fabricatori
608 1268 692 1316 corpori
715 1268 823 1306 materiam

37 1343 125 1380 quoquo
140 1332 207 1371 modo
222 1332 315 1371 animam
331 1332 430 1372 subdere.
441 1333 517 1381 Neque
532 1333 588 1372 enim
604 1333 674 1372 anima
688 1334 720 1372 est
734 1343 824 1380 corpore

37 1397 136 1444 deterior,
152 1399 173 1436 et
187 1398 258 1437 omnis
274 1398 361 1437 materia
376 1397 502 1437 fabricatore
517 1398 617 1437 deterior.
628 1397 693 1437 Nullo
708 1396 774 1436 modo
786 1398 823 1445 igi-

36 1465 70 1501 tur
84 1462 154 1501 anima
169 1462 297 1503 fabricatori
306 1463 391 1512 corpori
407 1465 439 1502 est
453 1463 547 1503 subiecta
562 1463 667 1502 materies.
680 1463 739 1502 Esset
753 1465 823 1502 autem

37 1527 53 1566 si
69 1526 152 1575 aliquos
167 1528 188 1567 in
203 1540 228 1567 ea
243 1521 345 1568 numeros
359 1540 438 1577 corpus
456 1530 586 1577 opereratur.
598 1527 647 1567 Non
658 1539 718 1575 ergo,
730 1538 778 1566 cum
789 1539 824 1566 au-

38 1592 115 1639 dimus,
131 1592 186 1633 fiunt
201 1594 221 1632 in
237 1593 307 1632 anima
323 1594 404 1632 numeri
416 1592 443 1632 ab
454 1593 479 1632 iis
489 1604 544 1641 quos
559 1593 654 1632 insonis
665 1592 823 1640 cognoscimus.

36 1653 113 1704 <Cujus
128 1658 156 1697 rei
172 1652 273 1707 quamvis*
286 1657 390 1698 claudicet
405 1658 517 1707 explicatio
532 1656 613 1702 nostra>
632 1669 675 1697 non
690 1659 760 1696 tamen
776 1656 824 1713 ideo

38 1722 76 1762 ista
90 1723 180 1763 certiora
195 1723 221 1763 de
237 1723 336 1763 manibus
351 1723 454 1763 debemus
469 1723 573 1763 amittere.
778 1768 782 1772 ,

89 1787 124 1827 De
139 1787 194 1829 Gen.
210 1789 239 1828 ad
252 1788 293 1828 Lit.
305 1788 351 1836 Xll,
362 1789 404 1836 xvi,
416 1789 453 1828 33:
466 1788 507 1828 Hic
517 1788 597 1828 exsistit
607 1787 709 1836 quiddam
721 1786 824 1833 mirabile.

38 1855 122 1893 uicum
139 1854 198 1903 prior
211 1855 238 1894 sit
253 1866 344 1903 corpore
363 1855 457 1903 spiritus,
474 1857 494 1894 et
509 1854 614 1903 posterior
635 1853 732 1902 corporis
754 1853 826 1901 imago

38 1929 101 1965 quam
116 1930 202 1968 corpus,
219 1922 289 1959 tamen
305 1919 421 1968 quiaillud
437 1919 495 1968 quod
511 1921 608 1967 tempore
624 1918 729 1967 posterius
751 1921 782 1958 est
803 1918 827 1957 fit

38 1982 58 2021 in
73 1995 99 2022 eo
115 1984 174 2032 quod
189 1988 263 2024 natura
279 1985 338 2033 prius
352 1988 391 2032 esf,
408 1985 548 2033 praestantior
562 1984 589 2023 sit
604 1983 676 2032 imago
691 1983 787 2031 corporis
805 1983 826 2022 in

38 2048 112 2096 spiritu
122 2061 187 2098 quam
205 2051 275 2099 ipsum
287 2061 365 2100 corpus
376 2051 397 2090 in
407 2049 524 2090 substantia
534 2061 580 2089 sua.
592 2049 637 2089 Nec
647 2061 698 2089 sane
709 2049 826 2097 putandum

38 2115 68 2152 est
82 2113 247 2164 facere-aliquid
262 2127 341 2163 corpus
357 2116 377 2155 in
392 2115 475 2163 spiritu,
487 2117 588 2163 tanquam
606 2115 692 2162 spiritus
702 2114 787 2161 corpori
797 2113 827 2152 fa-

38 2177 99 2217 cienti
116 2181 217 2220 materiae
232 2181 277 2220 vice
292 2179 403 2220 subdatur.
415 2178 481 2219 Omni
493 2179 549 2218 enirn
561 2178 628 2218 modo
639 2176 779 2227 praestantior
796 2180 827 2217 est

38 2243 73 2290 qui
81 2243 138 2291 tacit,
148 2256 172 2285 ea
181 2257 203 2285 re
211 2246 238 2285 de
246 2257 288 2294 qua
297 2245 377 2294 aliquid
387 2245 448 2291 facit;
460 2256 499 2284 nec
510 2244 553 2283 ullo
562 2243 629 2283 modo
637 2244 712 2292 spiritu
721 2246 827 2291 praestan-

38 2306 78 2347 tius
93 2311 125 2349 est
139 2321 226 2360 corpus,
238 2332 245 2339 ·
256 2311 323 2350 immo
339 2310 452 2359 perspicuo
463 2309 530 2349 modo
540 2308 626 2357 spiritus
636 2319 735 2356 corpore.
746 2306 827 2353 Quam-

38 2372 69 2411 vis
75 2385 128 2422 ergo
134 2376 193 2423 prius
201 2376 312 2415 videamus
321 2375 408 2424 aliquod
417 2386 503 2422 corpus,
510 2373 569 2422 quod
577 2375 638 2412 antea
646 2384 689 2412 non
697 2373 826 2419 videramus,

38 2438 101 2486 atque
116 2439 166 2480 inde
178 2441 268 2490 'incipiat
283 2441 355 2489 imago
370 2434 416 2487 ejus
430 2451 476 2479 esse
492 2440 512 2479 in
527 2439 601 2487 spiritu
616 2440 698 2485 nostro,
717 2448 760 2485 quo
776 2437 827 2477 illud

38 2512 86 2558 cum
102 2504 179 2545 absens
189 2507 252 2546 fuerit
261 2506 408 2546 recordemur:
418 2507 489 2558 tamen
498 2504 587 2543 eandem
598 2501 643 2549 eius
654 2503 768 2550 imaginem
784 2503 827 2542 non

38 2577 116 2617 corpus
125 2571 145 2610 in
154 2572 237 2620 spiritu,
249 2571 287 2612 sed
296 2572 341 2620 ipse
349 2571 435 2620 spiritus
443 2570 463 2609 in
472 2570 543 2618 seipso
553 2568 603 2608 facit
613 2568 719 2608 celeritate
727 2567 826 2608 mirabili.
856 2615 858 2618 Ι
