1768 2978
70 78 93 113 76
280 79 308 113 22.
322 98 328 103 -
342 86 369 113 or.
382 85 517 113 *iononanrin
532 85 556 112 rr
570 84 650 114 annone

70 210 120 238 vero
131 199 211 247 quippe
222 198 327 247 approbat
337 198 422 245 falsum,
434 198 493 247 quod
504 200 536 237 est
546 198 623 237 erroris
636 197 755 247 proprium.
772 197 860 242 Verum-

70 265 140 303 tamen
152 265 172 303 in
183 276 225 312 qua
236 276 257 303 re
268 265 359 312 quisque
374 266 435 310 erret,
452 264 538 303 interest
556 263 697 312 plurimum...
714 256 759 302 Sed
771 262 860 311 diligen-

69 328 111 367 tius
125 329 258 368 considerata
273 329 367 375 veritate,
384 340 432 368 cum
448 328 505 367 aliud
521 328 572 367 nihil
583 329 610 368 sit
621 340 691 368 errare
706 339 770 376 quarn
786 340 859 369 verum

70 395 146 441 putare.
158 394 217 442 quod
232 393 308 433 falsum
320 396 358 440 est,
370 393 491 442 falsumque
506 393 565 442 quod
581 385 654 433 verum
671 395 714 440 est;
731 393 763 432 vel
779 395 859 434 certum

69 458 147 498 habere
170 471 208 507 pro
231 460 319 505 incerto,
338 460 469 506 incertumve
485 471 524 507 pro
539 461 605 505 certo,
621 459 666 498 sive
682 458 763 509 falsum⁴
775 459 819 498 slve
834 460 861 500 sit

70 535 155 571 verum;
172 524 236 572 idque
250 526 293 563 tam
309 525 370 563 sitin
389 525 461 563 animo
477 524 574 564 deforme
589 526 652 573 atque
668 523 776 571 indecens,
796 536 859 573 quarn

70 589 181 637 pulchrum
200 592 220 629 et
237 588 340 629 decorum
362 601 409 629 esse
430 590 542 636 sentimus,
565 589 597 629 vel
613 590 634 629 ln
650 588 768 638 loquendo,
791 589 823 629 vel
840 590 860 630 in

70 655 205 694 assentiendo
222 651 280 700 ‘Est
296 656 335 701 est,
352 666 403 701 non,
420 666 463 694 non
474 654 491 693 ἰ
509 654 637 703 proiectoet
648 654 676 694 ob
687 654 728 694 boc
744 654 814 703 ipsum
830 658 861 695 est

70 720 112 759 vita
127 720 203 759 misera
214 720 252 759 ista
263 731 305 767 qua
315 720 414 766 vivimus,
433 719 492 768 quod
503 720 521 759 ei
533 720 696 769 nonnunquam,
709 722 785 759 utnon
800 720 860 760 amit·

69 786 131 830 tatur,
144 796 202 824 error
212 779 243 823 est
253 785 410 824 necessarius...
426 785 501 833 Usque
512 785 566 824 adeo
577 787 648 824 tamen
664 784 772 824 rationalis
787 787 861 825 natura

70 849 147 898 refugit
168 849 288 896 falsitatem,
305 852 325 888 et
340 851 444 897 quantum
466 852 537 898 potest
559 850 638 891 devitat
660 861 763 896 errorem,
780 852 802 889 ut
817 850 859 889 falli

71 914 139 954 nolint
154 915 217 954 etiam
233 914 363 962 quicumque
379 917 451 954 amant
465 914 545 955 tallere.

124 980 165 1019 xix.
182 979 223 1019 Sed
234 991 282 1018 cum
294 979 343 1019 dico
355 980 375 1018 in
386 979 515 1028 quibusdam
531 980 594 1020 rebus
610 980 669 1020 nullo
685 980 741 1019 malo
757 980 859 1029 aliquem,

71 1044 103 1083 vel
119 1044 222 1084 nonnullo
237 1044 300 1083 etiarn
316 1043 375 1083 bono
390 1044 441 1090 talli,
458 1056 501 1084 non
517 1045 586 1093 ipsum
605 1056 698 1084 errorem
715 1044 763 1084 dico
779 1044 860 1084 nullum

72 1109 198 1148 malumvel
214 1109 341 1148 nonnullum
359 1108 467 1149 bonurn...
484 1110 539 1149 Nam
555 1111 600 1159 ipse
616 1122 653 1159 per
667 1122 690 1150 se
706 1110 775 1159 ipsum
793 1122 860 1158 error,

72 1177 107 1213 aut
121 1186 223 1223 magnum
240 1174 260 1212 in
276 1186 298 1213 re
314 1186 399 1223 magna,
416 1177 451 1214 aut
467 1187 555 1223 parvum
568 1176 588 1214 in
600 1187 621 1215 re
633 1187 704 1224 parva,
720 1177 791 1214 tamen
806 1187 861 1215 sein-

72 1251 109 1287 per
123 1242 154 1278 est
170 1239 257 1278 malum.
274 1238 328 1285 Quis
344 1239 400 1278 enim
416 1240 455 1279 nisi
471 1251 543 1279 errans
558 1240 638 1280 malum
654 1242 725 1289 neget,
741 1239 861 1289 approbare

71 1304 123 1344 falsa
138 1316 177 1352 pro
193 1304 248 1343 veris
263 1306 299 1343 aut
313 1304 435 1352 improbare
450 1316 499 1344 vera
510 1316 549 1354 pro
564 1305 630 1352 lalsis,
642 1308 678 1345 aut
689 1304 767 1344 habere
782 1305 861 1344 incerta

72 1380 110 1417 pro
126 1369 195 1415 certis,
211 1368 244 1407 vel
259 1371 315 1408 certa
331 1380 370 1417 pro
386 1369 510 1409 incertisP...
523 1370 545 1409 ln
557 1369 589 1409 bis
604 1372 667 1419 atque
685 1369 808 1409 huiusmodi
824 1370 861 1409 lal-

71 1433 168 1473 sitatibus
185 1430 289 1481 [exempla
300 1446 325 1472 ex
335 1433 443 1482 Scriptura
458 1431 537 1481 Sacral‚
553 1435 610 1474 salva
625 1435 669 1474 lide
684 1446 739 1484 quae
754 1435 774 1473 in
790 1434 860 1474 Deum

73 1498 135 1537 nobis
146 1501 184 1546 est,
197 1497 296 1553 fallimur,
309 1501 329 1537 et
339 1499 372 1537 via
383 1510 426 1538 non
438 1499 509 1538 relicta
520 1511 575 1547 quae
585 1500 612 1538 ad
623 1511 672 1539 eum
683 1499 741 1538 ducit
752 1511 859 1539 erramus:

72 1563 107 1611 qui
119 1575 208 1609 errores,
225 1563 307 1602 etiamsi
324 1566 409 1611 peccata
420 1575 463 1603 non
474 1566 530 1611 sunt,
542 1566 613 1604 tamen
625 1565 645 1603 in
657 1563 718 1604 malis
733 1563 796 1604 huius
806 1564 861 1604 vitae

72 1628 187 1676 deputandi
203 1630 259 1667 sunt.

124 1693 159 1732 De
174 1692 227 1733 Gen.
244 1692 273 1732 ud
286 1693 327 1733 Lit.
344 1693 389 1740 xil,
405 1707 452 1741 xxv,
469 1695 508 1734 52:
526 1694 622 1734 illuditur
636 1697 707 1735 autem
723 1695 793 1734 anima
803 1695 861 1735 simi·

72 1757 196 1798 litudinibus
211 1769 288 1805 rerum,
305 1770 348 1798 non
367 1771 439 1799 earum
458 1760 517 1806 vitio,
539 1760 577 1799 sed
600 1760 708 1810 opinionis
730 1772 789 1807 suae,
811 1772 860 1800 cum

73 1823 177 1872 approbat
191 1835 246 1872 quae
261 1824 337 1863 similia
352 1827 401 1864 sunt
416 1837 455 1873 pro
470 1826 495 1865 iis
511 1825 589 1874 quibus
603 1826 681 1866 similia
696 1828 752 1873 sunt,
764 1825 791 1866 ab
802 1826 863 1866 intel-¹

73 1889 158 1937 ligentia
173 1889 282 1929 deficiens.
299 1889 385 1929 fallitur
399 1902 451 1939 ergo
467 1891 487 1930 in
499 1891 580 1931 visione
591 1886 705 1940 corporali,
717 1903 766 1931 cum
778 1892 798 1931 in
810 1892 861 1941 ipsis

73 1954 199 2003 corporibus
213 1954 259 1994 lieri
276 1957 335 2003 putat
349 1956 408 2004 quod
423 1956 448 1996 lit
462 1957 483 1995 in
498 1958 595 2005 corporis
610 1957 733 1998 sensibus...
746 1957 768 1996 ln
779 1958 861 1998 visione

74 2022 143 2059 autern
158 2020 269 2069 spirituali,
287 2020 307 2059 id
323 2023 354 2060 est
369 2021 389 2060 in
405 2033 520 2071 corporum
535 2022 711 2063 similitudinibus
721 2034 776 2071 quae
787 2023 861 2072 spiritu

50 2110 52 2113 -
74 2085 177 2132 videntur,
193 2085 271 2125 fallitur
285 2087 362 2133 anima,
379 2099 427 2126 cum
443 2095 468 2127 ea
487 2100 542 2137 quae
563 2089 593 2128 sic
615 2088 680 2136 videt,
704 2089 749 2137 ipsa
770 2100 862 2138 corpora

75 2162 120 2189 esse
137 2150 258 2197 arbitratum
281 2151 313 2191 vel
336 2152 394 2201 quod
416 2153 456 2206 sibi
479 2154 601 2202 suspicione
623 2154 719 2203 falsaque
740 2155 862 2194 coniectura

74 2215 163 2263 tinxerit,
180 2216 221 2256 boc
238 2217 301 2256 etiam
317 2218 337 2256 in
353 2218 480 2267 corporibus
495 2222 561 2268 putat,
574 2213 628 2269 quae
639 2232 682 2259 non
693 2220 737 2259 visa
748 2220 860 2260 coniectat.

74 2280 165 2321 atvero
181 2282 200 2320 in
216 2281 256 2321 illis
271 2282 447 2324 intellectualibus
462 2285 512 2325 visis
527 2297 570 2325 non
585 2285 675 2326 fallitur:
688 2287 724 2325 aut
734 2286 790 2325 enim
803 2285 862 2326 intel-

75 2346 127 2395 ligit,
144 2349 163 2386 et
178 2358 249 2386 verum
266 2350 307 2394 est;
323 2351 358 2388 aut
373 2350 389 2388 si
405 2362 478 2389 verum
494 2362 537 2390 non
553 2353 591 2397 est,
608 2363 651 2391 non
669 2351 774 2399 intelligit.
798 2351 862 2392 Unde

74 2411 131 2462 aliud
146 2414 177 2451 est
192 2413 212 2451 in
227 2411 259 2452 liis
274 2425 343 2453 errare
358 2426 412 2462 quae
427 2415 491 2462 videt,
510 2416 567 2455 aliud
585 2416 633 2456 ideo
656 2428 725 2466 errare
747 2417 796 2465 quia
818 2410 861 2456 non

75 2477 138 2516 videt.

128 2542 162 2582 De
179 2543 235 2583 Trin.
247 2543 281 2591 lX,
294 2544 321 2591 vi,
335 2546 355 2584 ll
370 2543 464 2591 (invenio
475 2546 593 2595 hominem,
605 2559 669 2596 quem
681 2548 749 2588 amavi
760 2550 861 2597 tanquam
