1768 2978
202 80 229 114 12.
243 99 250 105 -
264 87 290 115 or
304 89 393 118 rarione
403 72 450 119 ¹sinc
465 93 622 120 rnrrrrroeurm
782 88 804 121 37

17 203 52 244 ubi
69 203 176 247 mutabilis
187 215 233 244 esse
244 206 401 246 convincitur...
414 207 517 248 Viderunt
527 221 573 249 esse
588 209 669 260 aliquid
685 209 720 249 ubi
737 211 805 259 prima

17 272 72 309 esset
82 271 102 309 et
113 269 294 310 incommutabilis
306 267 412 319 [speciest
424 275 444 311 et
458 273 507 312 ideo
518 285 557 313 nec
567 270 729 323 comparabilis;
741 278 804 324 atque

17 332 45 372 ibi
61 344 107 373 esse
122 345 192 373 rerum
208 334 336 382 principium
352 337 468 376 rectissime
483 337 626 385 crediderunt,
649 339 708 386 quod
727 339 804 382 lactum

17 409 60 437 non
76 400 138 444 esset,
155 400 215 437 etex
230 409 273 447 quo
288 398 343 439 facta
357 403 525 440 cunctaessent.
541 414 544 416 ·
574 420 577 421 ⁷

70 461 106 503 vii.
130 461 157 503 l·li
180 474 256 503 vero...
280 462 424 505 discreverunt
439 476 463 505 ea
478 476 532 514 quae
547 468 617 506 mente
635 466 804 516 conspiciuntur,

16 529 43 570 ab
58 529 83 570 iis
98 541 153 579 quae
167 529 265 575 sensibus
280 531 443 580 attinguntur...-
454 532 533 572 Lumen
549 535 619 573 autem
638 533 740 573 mentium
759 546 805 574 esse

17 595 114 635 dixerunt
129 595 155 634 ad
171 595 272 635 discenda
287 597 367 643 omnia,
383 597 474 637 eundem
490 598 560 645 ipsum
576 598 654 645 Deum,
666 610 678 637 a
692 610 736 646 quo
751 599 805 638 tacta

16 662 65 699 sunt
80 660 160 699 omnia.

64 789 84 814 a.
97 779 116 816 Si
130 790 200 825 rursus,
213 780 243 825 ait,
257 780 360 816 nobiscum
373 781 461 825 viverent,
483 782 565 826 «paucis
580 782 656 818 mutatis
670 782 733 819 verbis
748 784 806 828 atque

15 840 118 885 sententiis,
138 839 238 878 Christiani
258 840 348 885 tierent»;
367 841 399 885 De
416 841 463 879 Vera
476 841 516 882 Rel.
530 841 553 887 iv,
566 842 586 887 7;
605 841 657 888 Epis.
676 841 753 880 valll
773 841 805 886 (ad

16 899 89 945 Diosc.)
101 900 126 946 iii,
139 902 168 937 21.
182 901 292 938 Platonicos
304 902 350 948 legit
362 902 385 937 Α.
399 902 459 938 oculis
472 902 589 946 Christianis,
607 903 650 948 plus
665 913 745 939 cernens
758 903 806 939 veri-

13 960 57 1007 tatis
70 970 128 1005 quam
142 970 207 996 revera
219 961 278 996 adest.
293 961 386 996 intellexit
398 961 455 996 etiam
468 972 585 997 consensum
598 962 651 997 illum
665 972 707 997 esse
723 963 805 998 maxime

13 1011 137 1061 materialem,
147 1019 221 1063 -longe
233 1019 272 1054 alio
285 1019 351 1064 spin'tu
371 1021 389 1055 et
405 1020 442 1055 vita
455 1020 534 1055 animari
548 1020 653 1055 doctrinam
667 1019 805 1064 Christianam,

15 1087 32 1111 ν.
41 1087 59 1121 g.
74 1076 131 1119 Cous.
144 1077 184 1120 Vll,
197 1077 236 1112 xxi.
250 1076 279 1112 Ct.
293 1078 404 1121 PORTALIE,
417 1089 446 1121 op.
459 1079 495 1122 cit,
509 1079 545 1113 col.
558 1079 671 1121 23252331,
687 1079 706 1113 l..
721 1078 805 1116 GRAND-

15 1143 105 1181 oeoleufi,
114 1136 133 1174 S.
142 1135 194 1183 Aug.
203 1135 246 1188 etle
254 1136 424 1182 Neo-platoniam,
434 1136 491 1181 Paris,
501 1137 558 1180 1896ς
573 1136 649 1181 Botere,
660 1136 806 1173 Christianisme
843 1169 845 1172 ,

14 1197 33 1233 et
44 1197 209 1243 Neo-platonisme
220 1197 271 1234 dans
283 1197 302 1234 lu
312 1196 372 1243 forma
385 1198 409 1235 de
421 1197 440 1235 S.
453 1197 510 1245 Aug,
525 1197 583 1243 Paris,
597 1197 648 1234 1920.

178 1363 211 1403 12.
225 1385 232 1392 -
248 1362 284 1403 De
299 1364 396 1403 ratione
411 1364 463 1403 sive
479 1363 643 1415 intelligentia

70 1474 84 1514 i.
99 1472 165 1515 Nihil
181 1474 205 1514 in
222 1475 311 1515 natura
326 1473 435 1515 humana
449 1474 624 1526 praestantius.
640 1477 674 1518 De
687 1477 733 1517 Lib.
749 1476 802 1517 Arb.

18 1543 42 1591 ll,
59 1544 87 1592 vi,
105 1545 139 1584 13:
162 1542 188 1585 Α.
211 1543 267 1585 Cum
290 1555 342 1593 ergo
364 1556 410 1585 eam
433 1546 529 1584 naturam
545 1555 599 1593 quae
613 1546 694 1585 tantum
710 1545 748 1591 est,
765 1555 803 1584 nec
824 1561 827 1565 ¹

16 1610 67 1649 vivit
81 1621 121 1648 nec
136 1610 240 1658 intelligit,
252 1610 313 1649 sicuti
324 1612 357 1649 est.
366 1621 444 1657 corpus
454 1611 558 1655 exanime,
571 1610 682 1658 praecedat
695 1621 719 1648 ea
730 1612 803 1653 natura

16 1684 71 1720 quae
86 1685 139 1715 non.
152 1676 236 1713 tanturn
249 1676 287 1719 est,
310 1674 347 1713 sed
363 1671 425 1712 etiam
448 1674 505 1718 vivit,
522 1685 561 1712 nec
575 1674 680 1721 intelligit,
696 1674 756 1712 sicuti
772 1675 803 1712 est

15 1737 86 1775 anima
100 1737 228 1783 bestiarum
243 1740 264 1776 et
279 1748 350 1776 rursus
365 1737 419 1776 lianc
434 1737 548 1787 praecedat
560 1748 584 1775 ea
599 1748 653 1784 quae
667 1736 730 1775 simul
742 1739 762 1775 et
772 1739 803 1776 est
828 1748 830 1751 ·

15 1802 36 1841 et
50 1800 101 1841 vivit
116 1803 136 1841 et
151 1800 256 1850 intelligit,
272 1801 326 1841 sicut
337 1801 357 1839 in
371 1800 458 1840 homine
473 1811 533 1839 mens
548 1800 667 1846 rationalis:
683 1811 733 1839 num
749 1800 802 1839 arbi-

15 1867 76 1908 traris
91 1868 112 1908 in
127 1860 201 1916 nobis,
215 1867 236 1908 id
251 1870 282 1909 est
297 1868 317 1908 in
333 1868 358 1908 iis
373 1866 451 1916 quibus
465 1868 539 1907 natura
554 1869 625 1907 nostra
639 1864 761 1916 completur.
781 1867 803 1906 ut

15 1933 114 1974 homines
129 1934 204 1980 simus,
220 1933 301 1982 aliquid
316 1930 404 1985 inveniri
427 1944 490 1982 posse
512 1925 659 1981 praestantius,
682 1944 746 1981 quam
761 1932 803 1972 hoc

15 1998 74 2045 quod
96 1998 117 2036 in
139 1997 172 2037 lris
193 1997 260 2037 tribus
281 1998 344 2037 tertio
359 1998 407 2037 loco
423 1998 550 2044 posuimus?
565 1998 620 2036 Nam
635 2000 656 2036 et
670 2008 748 2045 corpus
763 2008 803 2036 nos

15 2060 94 2101 habere
105 2051 252 2108 ⁴manifestum
274 2064 313 2108 est,
329 2064 350 2100 et
364 2061 428 2100 vitam
444 2060 559 2108 quamdam
581 2072 622 2108 qua
640 2061 708 2108 ipsum
725 2072 803 2107 corpus

15 2125 121 2164 animatur
142 2127 205 2173 atque
220 2127 342 2173 vegetatur,
360 2135 414 2172 quae
429 2123 472 2162 duo
494 2124 557 2162 etiarn
573 2124 594 2162 in
611 2122 684 2162 bestiis
706 2124 803 2171 agnosci-

16 2201 71 2239 mus
83 2193 103 2231 et
113 2183 198 2232 tertium
210 2189 312 2241 quiddam
323 2188 382 2240 quasi
398 2188 481 2229 animae
491 2190 575 2229 nostrae
586 2189 649 2237 caput
662 2189 697 2234 aut
707 2187 801 2235 oculum,

15 2260 51 2297 aut
61 2258 78 2298 si
89 2257 141 2306 quid
152 2257 305 2306 congruentius
315 2256 342 2296 de
352 2257 433 2296 ratione
445 2257 508 2304 atque
518 2254 657 2304 intelligentia
672 2254 712 2294 dici
724 2256 801 2303 potest,

15 2333 79 2369 quam
95 2334 139 2361 non
154 2322 218 2362 habet
233 2324 306 2361 natura
319 2320 444 2372 ,bestiarum
461 2319 534 2366 Quare
549 2319 604 2365 vide,
621 2319 719 2365 obsecro,
731 2322 802 2359 utrum

15 2385 95 2434 aliquid
111 2387 205 2427 invenire
221 2387 297 2434 possis,
314 2385 373 2433 quod
383 2385 410 2424 sit
420 2385 441 2423 in
452 2387 525 2423 natura
540 2384 634 2423 hominis
645 2384 726 2422 ratione
738 2383 802 2423 subli-

16 2451 79 2490 mius.
96 2451 119 2489 Ε.
136 2450 188 2490 nihil
203 2450 293 2490 omnino
309 2449 384 2489 melius
399 2448 470 2487 video.
629 2450 633 2453 '

69 2514 103 2555 De
121 2514 174 2555 Vera
187 2513 234 2560 Rel.
250 2514 305 2561 xxix,
321 2514 356 2553 53:
380 2511 421 2552 Sed
436 2512 485 2561 quia
501 2510 629 2551 irrationalia
650 2522 738 2559 quoque
759 2511 802 2550 ani-

16 2582 95 2623 mantia
110 2583 181 2624 vivere
191 2583 255 2632 atque
265 2581 343 2622 sentire
353 2582 417 2620 nemo
428 2577 524 2627 ambigit,
536 2576 588 2618 illud
597 2577 617 2617 in
626 2577 699 2617 animo
708 2576 802 2618 humano
