1768 2978
77 91 100 125 32
218 92 244 126 10.
258 112 265 117 -
278 100 364 128 ΡεΝιτυε
377 99 422 127 esse
435 99 478 127 rsm
491 97 601 126 sensraum
615 93 721 124 euoienpn
734 91 735 94 ’

78 207 177 251 bitemus.
188 242 208 251 ..
231 209 292 251 llbsit
306 209 369 251 etiam
385 211 407 251 ut
421 209 474 251 scire
489 218 528 249 nos
543 216 652 258 negemus,
669 214 723 256 quae
738 203 862 244 testimonio

79 276 192 315 didicimus
207 277 305 316 aliorum.
724 326 726 328 ι

132 341 166 378 De
181 340 235 379 Oen.
250 341 280 378 ud
292 341 333 379 Lit.
349 341 394 386 Xll,
409 341 444 385 xii,
460 341 486 378 25
501 338 681 386 (supracitatum,
697 336 737 375 sub
752 332 774 379 8,
788 333 815 380 il:
829 335 862 374 nh

79 403 111 445 liis
126 403 226 445 omnibus
242 399 376 455 [imaginatis]
393 404 420 445 ita
435 402 574 444 discernimus
590 401 623 442 illa
638 399 757 451 corporalia
768 410 823 449 quae
833 399 863 439 vi-

80 471 154 509 demus
170 472 224 510 etin
240 470 317 520 quibus
332 470 477 518 praesentibus
491 472 540 509 sunt
554 479 628 508 sensus
643 467 739 516 corporis
754 467 829 513 nostri,
840 469 863 507 ut

79 545 122 571 non
134 523 259 573 'dubitemus
274 535 325 572 haec
340 545 385 572 esse
398 544 495 580 corpora,
507 533 552 571 illas
562 544 612 571 vero
624 532 727 579 imagines
737 542 861 578 corporum.

132 597 173 644 xiv,
189 598 222 638 29.
238 595 296 644 Quid
318 597 374 636 enim
396 596 475 635 faciunt
496 595 552 634 oculi
567 606 610 633 non
626 594 711 640 habent,
727 604 775 632 cum
793 593 863 632 simile

79 675 157 713 corpus
172 664 269 710 viderint,
285 662 343 712 quod
358 662 385 702 ab
399 663 441 703 alio
456 662 575 702 discernere
594 673 637 701 non
652 660 745 710 possint;
761 661 797 700 aut
811 659 863 709 quid

79 728 141 766 faciat
156 729 219 766 animi
242 728 338 772 intentio,
354 738 402 766 cum
418 728 437 765 in
453 727 527 774 spiritu
542 726 596 765 iacta
610 725 673 765 tuerit
687 726 784 773 corporis
805 725 863 764 simi·

79 790 154 835 litudo,
171 801 234 837 quam
256 800 299 827 non
320 790 387 827 valeat
408 789 538 835 distinguere
552 799 564 826 a
578 799 676 834 corpore.
692 787 733 826 Sed
751 786 864 826 adhibetur

81 856 204 904 intellectus,
221 868 323 905 quaerens
338 854 389 906 quid
405 854 439 896 illa
453 853 573 904 significent
588 852 620 895 vel
635 852 686 895 utile
701 851 799 895 doceant.

127 963 147 987 a.
161 954 217 989 Videt
229 954 314 997 protecto
327 953 349 988 Α.
363 953 498 997 difficultatem,
512 953 614 988 Platonicis
626 953 676 987 adeo
689 953 802 988 molestam:
815 962 864 997 quo-

80 1011 139 1045 modo
152 1012 170 1045 et
183 1020 284 1056 quousque
293 1010 377 1055 cognitio
386 1009 516 1044 intellectualis
528 1020 539 1044 a
552 1009 640 1044 sensibus
655 1009 753 1053 pendeat?
766 1018 825 1053 quam
837 1010 864 1042 ta·

80 1082 123 1107 men
136 1070 202 1107 nullibi
215 1070 256 1107 tuse
265 1072 283 1107 et
295 1070 338 1107 data
350 1063 410 1116 opera
421 1069 535 1117 aggreditur.
549 1068 641 1116 Explicite
654 1068 720 1106 asserit
733 1079 769 1106 nos
783 1078 863 1105 monen-

80 1131 130 1166 tibus
143 1130 230 1165 sensibus
243 1140 300 1174 posse
312 1131 406 1166 intellectu
419 1131 466 1165 scire
479 1130 573 1165 mundum
586 1140 700 1175 corporeum
716 1129 812 1165 exsistere.
826 1128 864 1165 Sed

79 1188 168 1231 implicite
181 1188 272 1238 supponit
285 1188 352 1222 multas
365 1188 411 1221 alias
423 1188 544 1222 certitudines
562 1187 697 1222 intellectuales
714 1187 759 1222 inde
772 1186 863 1229 derivari;

80 1244 102 1283 ct.
112 1244 164 1292 intra,
174 1243 208 1292 20,
221 1243 252 1291 21,
266 1245 296 1282 De
310 1245 402 1286 Ratione
416 1245 531 1284 lummene.
540 1244 602 1282 Modo
611 1244 667 1282 etiam
681 1244 763 1292 generali
773 1243 865 1292 supponit

80 1317 148 1341 sensus
165 1309 245 1350 nostros,
258 1305 378 1351 vigilantibus
392 1306 448 1341 nobis
461 1316 524 1352 neque
537 1305 576 1341 ullo
590 1306 658 1341 morbo
671 1305 808 1350 laborantibus,
823 1315 864 1341 cor·

81 1374 127 1407 pora
141 1366 218 1398 externa
236 1364 280 1398 satis
293 1366 379 1398 accurate
398 1363 471 1406 reterre,
484 1364 509 1398 ita
522 1366 542 1398 ut
554 1364 600 1407 ipsis
619 1363 692 1399 credere
708 1363 819 1399 debeamus.
834 1363 865 1398 De

81 1419 120 1453 Clu.
133 1418 176 1453 Dei.
189 1419 238 1462 XlX,
251 1419 307 1453 xviii:
325 1419 443 1463 «Creditque
461 1419 549 1454 sensibus
568 1419 587 1454 in
607 1420 633 1454 rei
652 1419 745 1464 cujusque
765 1419 865 1463 evidentia,

81 1479 150 1525 quihus
164 1489 197 1525 per
209 1489 279 1525 corpus
292 1478 355 1515 anima
367 1478 434 1523 utitur3
444 1477 535 1526 quoniam
550 1476 675 1516 miserabilius
690 1476 764 1524 lallitur,
774 1477 806 1526 qui
816 1489 865 1516 nun-

81 1549 138 1583 quam
152 1539 204 1582 putat
216 1538 243 1573 eis
256 1549 297 1573 esse
310 1538 426 1574 credendum
435 1552 450 1574 ›>.
462 1538 548 1573 Tandem
561 1539 659 1574 communi
677 1539 792 1584 experientia
806 1539 864 1575 fretus

81 1595 161 1630 affirmat
169 1606 204 1629 nos
214 1606 271 1639 posse
284 1597 396 1639 plerumque
411 1597 482 1630 ratione
495 1596 611 1642 distinguere
624 1597 672 1631 inter
681 1597 814 1641 perceptiones
822 1608 865 1632 sen-

81 1664 137 1691 suum
150 1655 168 1691 et
180 1653 331 1702 imaginationes,
344 1653 378 1692 etsi
391 1653 494 1702 aliquando
509 1667 517 1684 «
525 1655 576 1691 tanta
589 1653 691 1692 attenditur
705 1654 809 1693 similitudo
822 1664 865 1703 spe·

81 1716 115 1750 ciei
129 1716 232 1760 corporalis
249 1726 339 1760 expressa
352 1727 375 1751 ex
389 1715 486 1760 memoria,
500 1718 520 1751 nt
532 1726 567 1752 nec
580 1716 621 1762 ipsa
634 1716 680 1752 ratio
694 1716 801 1753 discernere
816 1717 865 1753 sina·

81 1777 116 1816 tur,
129 1775 191 1807 utrum
204 1774 249 1807 toris
263 1784 332 1818 corpus
345 1774 408 1817 ipsum
421 1773 511 1816 videatur,
524 1784 548 1809 an
561 1775 611 1809 intus
624 1775 661 1810 tale
674 1775 745 1819 aliquid
759 1775 863 1819 cogitetur»

81 1830 119 1876 (De
133 1830 183 1866 Trin.
197 1830 263 1876 X1,iv,
277 1830 301 1875 7).

151 1986 185 2027 10.
201 2008 208 2016 -
226 1984 334 2027 Penitus
351 1997 412 2028 esse
429 1985 481 2028 ista
497 1986 636 2030 sensibilia
655 1987 792 2041 fugienda.

136 2107 197 2147 Solil.
213 2108 228 2153 1,
244 2109 285 2154 xiv,
300 2109 326 2146 24
341 2106 382 2153 (De
398 2109 501 2156 sapientia
522 2107 677 2157 adipiscendal:
701 2110 725 2151 R.
746 2110 819 2150 Unum
834 2114 866 2151 est

83 2172 140 2217 quod
156 2171 192 2209 tibi
208 2182 295 2218 possum
314 2172 444 2218 praecipere;
460 2173 511 2210 nihil
527 2173 574 2219 plus
589 2175 648 2211 novi:
665 2175 749 2220 penitus
763 2187 810 2214 esse
827 2177 866 2215 ista

83 2233 189 2276 sensibilia
204 2233 312 2284 fugienda,
328 2234 489 2286 cavendumque
511 2247 649 2287 magnopere,
665 2237 716 2278 dum
727 2237 773 2281 hoc
787 2250 866 2291 corpus

83 2303 173 2348 agimus,
185 2313 265 2349 nequo
278 2313 352 2340 eorum
363 2302 420 2341 visco
432 2314 513 2349 pennae
528 2306 612 2342 nostrae
627 2305 776 2353 impediantur,
788 2307 866 2355 quibus

83 2365 170 2410 integris
185 2364 324 2410 perlectisque
339 2376 394 2411 opus
408 2367 439 2403 est
454 2368 476 2403 ut
490 2366 516 2403 ad
532 2367 588 2404 illam
603 2367 671 2406 lucem
687 2380 712 2407 ex
727 2369 759 2407 his
774 2371 866 2410 tenebris

84 2428 202 2476 evolemus;
219 2440 273 2479 quae
287 2440 313 2469 ne
328 2440 350 2470 se
365 2428 477 2470 ostendere
496 2429 582 2480 quidem
600 2430 699 2483 dignatur
714 2432 734 2475 in
749 2432 788 2476 hac
800 2436 867 2478 'cavea

83 2495 176 2540 inclusis,
188 2495 227 2533 nisi
242 2495 294 2533 tales
308 2495 385 2533 tuerint
400 2498 422 2534 ut
437 2496 475 2534 ista
485 2496 517 2535 uel
528 2497 613 2537 effracta
623 2498 656 2538 vel
667 2499 769 2541 dissoluta
784 2503 867 2550 possint

84 2559 104 2598 in
119 2569 179 2595 aures
189 2569 238 2595 suas
253 2558 349 2596 evadere.
364 2558 435 2605 ltaque
450 2560 536 2606 quando
547 2560 610 2599 tueris
625 2562 671 2600 talis
682 2566 704 2602 ut
714 2564 765 2603 nihil
776 2568 796 2604 te
808 2577 866 2614 pror-
