1768 2978
237 52 264 87 10.
277 71 283 77 -
298 59 324 87 ue
337 60 417 89 cuurue
431 45 574 92 inremotam
773 59 795 103 57

65 172 126 221 Epis.
142 171 200 212 CXX
215 170 256 217 (Ad
272 172 430 221 Consentium),
446 188 469 214 x:
487 175 587 216 iustitiam
605 190 655 218 vero
673 181 693 218 et
714 180 796 228 sapien-

12 236 62 276 tiam
78 236 183 286 quidquid
198 238 303 278 eiusmodi
319 241 358 286 est,
374 251 417 279 non
432 239 491 280 aliter
506 241 653 290 imaginamur,
669 243 728 283 aliter
746 256 796 284 con-

12 304 108 349 tuemur;
131 302 169 343 sed
191 303 243 343 haec
264 303 400 344 indivisibilia
422 305 512 354 simplici
535 307 612 347 mentis
633 310 695 356 atque
710 309 797 348 rationis

13 368 130 408 intentione
145 368 250 409 intellecta
264 370 416 418 conspicimus,
435 371 481 410 sine
498 371 546 411 ullis
566 371 641 412 tormis
663 376 683 413 et
704 373 797 413 molibus

13 433 142 473 localibus...
159 433 274 483 ipsumque
289 433 369 480 lumen,
385 446 428 483 quo
450 438 525 476 cuncta
547 436 585 476 ista
606 437 753 484 discernimus,
777 439 796 477 in

13 511 57 548 quo
72 499 135 548 nobis
149 500 199 540 satis
214 502 301 550 apparet
316 499 368 549 quid
382 501 494 541 credamus
508 502 649 551 incognitum,
663 502 714 552 quid
725 504 797 553 cogni-

13 566 57 604 tum
73 566 192 612 teneamus,
208 577 272 614 quam
286 565 378 605 formam
393 567 490 615 corporis
505 567 648 614 recordemur,
665 580 728 616 quam
740 569 798 617 cogi·
838 605 840 609 .

13 631 93 670 tatione
107 629 223 679 tingamus,
239 631 291 680 quid
305 632 402 680 corporis
416 643 491 671 sensus
501 633 597 681 attingat,
610 632 661 680 quid
672 633 799 681 imaginetur

14 696 97 735 animus
111 695 180 735 simile
195 696 288 745 corpori,
304 696 356 745 quid
371 699 451 736 certum
467 699 487 736 et
505 696 602 736 omnium
613 709 727 745 corporum
739 698 798 737 dissi-

14 759 127 806 millimum
143 760 281 809 intelligentia
296 760 463 809 contempletur:
480 761 521 801 lroc
535 757 587 809 ergo
602 762 673 801 lumen
691 761 727 801 ubi
747 762 799 801 baec

14 827 89 866 cuncta
104 825 254 872 diiudicantur,
269 837 313 865 non
330 826 403 879 utique
425 827 478 866 sicut
500 826 562 866 buius
583 826 634 866 solis
656 829 676 866 et
697 827 799 875 cuiusque

14 891 112 940 corporei
123 890 210 931 luminis
220 891 299 940 fulgor,
316 902 353 940 per
368 891 443 931 localia
457 892 525 940 spatia
539 892 705 940 circumquaque
722 891 800 931 dittun-

15 956 78 1004 ditur,
94 949 232 1005 mentemque
246 958 340 996 nostram
356 956 432 996 visibili
450 957 543 996 candore
560 956 656 1003 illustrat,
674 956 712 997 sed
730 958 800 996 invisi-

14 1021 84 1061 biliter
99 1023 119 1078 et
134 1021 276 1068 ineflabiliter,
295 1021 332 1061 sed
354 1024 425 1061 tamen
448 1021 608 1070 intelligibiliter
629 1022 692 1068 lucet,
714 1025 800 1070 tamque

15 1086 78 1126 nobis
92 1088 173 1127 certum
188 1089 227 1134 est,
243 1098 307 1135 quam
323 1086 386 1126 nobis
396 1085 461 1126 eflicit
471 1089 527 1126 certa
537 1098 591 1134 quae
602 1087 718 1126 secundum
731 1087 799 1135 ipsum

15 1154 90 1192 cuncta
105 1152 257 1200 conspicimus.

64 1274 126 1311 a.fCi.
139 1274 220 1316 Retraci.
235 1274 247 1319 l,
261 1274 284 1318 iv,
297 1274 395 1319 imperitos
415 1268 464 1310 bene
482 1274 608 1320 interrogatos
623 1275 672 1310 recte
685 1272 800 1320 respondere

17 1335 80 1381 «quia
98 1344 187 1380 praesens
206 1335 234 1370 est
253 1334 286 1378 eis,
305 1335 397 1380 quantum
416 1333 435 1374 id
455 1344 522 1380 capere
541 1334 627 1379 possunt,
644 1333 707 1369 lumen
724 1333 800 1368 rationis

16 1395 109 1438 aeternae,
128 1393 161 1430 ubi
181 1393 227 1430 haec
245 1390 371 1429 immutabilia
389 1404 433 1430 vera
451 1393 571 1439 conspiciunt
578 1403 600 1436 >>;
619 1393 648 1428 vel
665 1392 718 1437 (ibid.
732 1392 769 1436 viii,
781 1390 800 1435 2)

18 1468 26 1484 κ
34 1454 79 1501 quia
92 1456 158 1490 natura
171 1453 335 1505 intelligibilisest
347 1452 432 1499 [anima],
445 1455 463 1489 et
476 1453 593 1489 connectitur
606 1464 645 1489 non
657 1453 720 1489 solum
735 1452 801 1488 intelli-

16 1514 113 1560 gibilibus,
125 1524 191 1550 verum
205 1514 261 1550 etiam
274 1513 425 1550 immutabilibus
439 1513 501 1557 rebus,
515 1523 538 1549 eo
552 1512 618 1548 ordine
631 1510 701 1556 iacta*
720 1515 739 1547 ut
758 1521 800 1547 cum

16 1585 37 1609 se
50 1573 74 1609 ad
87 1584 119 1610 eas
132 1583 162 1609 res
175 1574 239 1609 movet
251 1573 280 1609 vel
294 1573 318 1609 ad
331 1573 420 1618 seipsam,
434 1572 452 1607 in
466 1573 558 1617 quantum
578 1582 609 1607 eas
628 1571 684 1616 videt,
697 1571 716 1606 in
729 1572 801 1607 tantum

17 1634 41 1669 de
54 1633 83 1669 bis
96 1643 140 1669 vera
153 1632 279 1678 respondet».
298 1632 330 1668 De
347 1633 430 1668 Immort.
449 1631 487 1667 An.
506 1642 524 1675 x,
540 1632 574 1666 17:
595 1631 664 1667 «ilaec
677 1632 739 1666 autem
753 1640 807 1681 quae,

17 1692 147 1738 intelliguntur
160 1691 229 1727 eodem
243 1691 303 1727 modo
321 1702 342 1726 se
362 1690 455 1734 habentia,
469 1700 512 1725 curn
527 1700 549 1725 ea
565 1689 647 1725 intuetur
659 1687 739 1733 animus,
758 1688 802 1724 satis

17 1751 101 1788 ostendit
119 1762 140 1787 se
159 1751 194 1787 illis
213 1761 254 1787 esse
272 1750 395 1787 coniunctum
409 1749 457 1785 miro
470 1749 555 1795 quodam
569 1748 676 1793 eodemque
688 1747 802 1793 incorporali

17 1810 83 1856 modo,
96 1810 167 1847 scilicet
180 1821 219 1847 non
233 1810 379 1856 corporaliter».

66 1869 87 1906 b.
101 1870 154 1913 Quid
167 1862 229 1917 possit
242 1871 301 1906 homo
314 1869 409 1913 naturalis,
428 1870 457 1904 sat
475 1868 517 1904 tuse
530 1867 609 1913 exponit
621 1867 639 1902 in
658 1867 689 1902 De
708 1865 747 1903 Ciu.
766 1865 805 1902 Dei

18 1931 76 1976 xxii,
96 1930 147 1975 xxiv,
166 1930 199 1966 ubi
218 1929 303 1975 loquitur
323 1924 443 1964 «denatura
456 1927 524 1963 mentis
539 1926 639 1970 humanae,
658 1936 697 1971 qua
714 1926 749 1961 ista
767 1925 804 1961 vita

18 1992 102 2028 mortalis
115 1991 198 2035 ornatur,
212 2000 251 2025 non
264 1989 289 2025 de
301 1988 340 2024 tide
352 1989 409 2033 atque
421 1987 486 2023 itinere
498 1985 585 2029 veritatis,
598 1996 637 2032 qua
645 1985 676 2021 illa
694 1985 804 2021 immortalis

18 2051 121 2098 acquiritur
129 2065 145 2087 a.

73 2218 105 2258 iv.
119 2218 174 2259 Non
190 2218 228 2258 est
243 2217 295 2268 ipse
310 2213 450 2256 intellectus
466 2214 556 2253 noster.
566 2233 573 2241 ·
584 2215 618 2255 De
633 2214 678 2255 Cir.
693 2214 736 2254 Dei
745 2214 771 2260 Χ,
792 2213 804 2252 ii

20 2285 55 2333 (de
70 2284 204 2332 Platonicisl:
221 2284 262 2326 Sed
277 2285 362 2329 nonest
377 2282 439 2322 nobis
454 2281 509 2321 ullus
519 2292 567 2320 cum
579 2279 611 2319 bis
622 2278 805 2319 excellentioribus

21 2351 155 2402 philosophis
170 2353 190 2391 in
206 2351 245 2391 liae
260 2350 385 2399 quaestione
399 2347 518 2388 conflictus.
530 2345 633 2386 Viderunt
643 2345 707 2390 enim,
718 2344 805 2392 suisque

20 2419 94 2459 litteris
104 2418 180 2458 'multis
195 2417 266 2458 modis
280 2415 429 2464 copiosissime
444 2412 604 2457 mandaverunt,
620 2410 669 2461 binc
684 2409 732 2450 illos
747 2406 769 2457 [i.
783 2407 804 2448 e.

20 2485 107 2534 spiritus
121 2479 250 2533 superiores]
266 2481 323 2522 unde
338 2483 358 2521 et
373 2491 419 2526 nos,
436 2478 481 2519 tieri
499 2477 585 2517 beatos:
604 2475 688 2535 obiecto
711 2474 805 2524 quodam

22 2551 102 2591 lumine
118 2548 253 2599 intelligibili,
269 2546 328 2597 quod
343 2546 401 2587 Deus
416 2547 447 2585 est
462 2543 509 2590 illis,
528 2544 548 2582 et
562 2541 619 2581 aliud
634 2543 665 2581 est
681 2552 745 2589 quam
768 2539 805 2586 illi,
