1768 2978
68 112 92 148 24
312 109 329 145 7.
342 127 349 135 ·
362 116 389 145 or
401 97 483 144 visione
496 108 612 142 connotant:

69 233 128 283 quod
143 232 269 283 plerumque
283 232 324 272 alia
338 230 468 284 cogitatione
482 226 588 275 occupati,
599 233 671 264 coram
686 220 799 269 loquentes
809 228 853 258 non

69 298 132 339 nobis
146 298 244 339 videmur
257 297 354 338 audisse:
369 307 416 338 non,
428 295 478 343 quia
492 301 616 334 occursores
631 288 679 328 illos
693 295 795 326 numeros
809 295 853 324 non

69 365 113 413 agit
126 366 177 403 tunc
191 354 268 409 anima,
280 373 328 402 cum
339 362 384 401 sine
394 360 461 400 dubio
470 368 537 399 sonus
546 355 573 396 ad
583 364 645 395 aures
659 350 775 402 perveniat,
786 350 807 389 et
819 348 854 389 iila

70 430 91 469 in
102 429 201 477 passione
211 427 307 476 corporis
321 427 353 466 sui
368 436 450 465 cessare
464 434 507 463 non
522 421 648 471 possit-nec
662 416 730 467 possit
744 414 783 455 nisi
794 414 855 454 aliter

70 494 151 533 moveri
166 492 257 541 quamsi
269 491 303 531 illa
317 502 360 531 non
375 490 447 536 tieret;
462 487 500 528 sed
515 487 564 535 quia
579 483 695 524 intentione
706 482 727 521 in
737 479 795 521 aliud
805 479 854 520 sub·

71 558 120 598 inde
134 557 274 605 exstinguitur
283 555 385 595 motionis
398 554 497 602 impetus,
513 551 549 600 qui
564 550 581 590 si
596 548 698 596 maneret,
714 547 735 586 in
750 545 855 597 memoria

26 635 28 638 ·
70 623 144 670 utique
161 623 262 668 maneret,
278 622 301 660 ut
315 630 355 659 nos
369 621 390 658 et
404 617 547 658 inveniremus
561 617 581 655 et
595 613 721 653 sentiremus
742 610 853 650 audisse...

71 685 179 734 Siquidem
195 685 265 724 necin
276 684 327 732 ipsis
341 692 456 731 corporum
466 680 541 720 iormis
551 689 606 727 quae
616 677 642 717 ad
653 676 728 716 oculos
740 675 854 724 pertinent,

71 749 190 798 possumus
207 748 298 787 rotunda
312 747 345 786 vel
359 745 461 794 quadrata
476 743 508 783 vel
523 752 671 791 quaecumque
692 739 733 779 alia
751 737 820 779 solida
835 740 856 778 et

72 808 210 853 determinata
224 811 317 851 iudicare
331 813 352 850 et
366 809 455 849 omnino
469 809 554 854 sentire,
565 807 605 846 nisi
620 817 645 845 ea
659 804 688 845 ob
701 803 776 844 oculos
786 813 855 843 verse-

72 888 126 917 mus.
138 876 193 917 Cum
202 878 272 917 autem
280 875 321 916 alia
331 886 379 924 pars
386 873 494 923 aspicitur,
505 872 522 912 si
531 870 632 911 exciderit
639 868 698 930 quod
706 870 738 909 est
745 870 855 917 aspectum

72 943 93 983 in
108 943 155 991 alia,
170 942 281 983 frustratur
295 940 383 985 onmino
399 938 510 980 iudicantis
525 937 621 985 intentio,
632 936 682 986 quia
697 936 717 975 et
731 933 775 975 hoc
784 932 856 996 *aliqua

73 1020 132 1049 mora
146 1009 249 1058 temporis
263 1008 308 1048 iiij

85 1096 87 1100 ·
125 1071 159 1114 De
174 1073 227 1114 Gen.
243 1073 273 1114 ad
284 1074 326 1113 Lit.
341 1072 387 1120 xli,
402 1073 444 1120 xvi,
459 1073 497 1112 33:
514 1071 609 1119 itemque
624 1070 645 1109 in
660 1067 741 1116 auditu,
759 1067 798 1108 nisi
821 1078 856 1107 au·

73 1140 131 1180 ribus
145 1141 257 1189 perceptae
271 1139 330 1179 vocis
344 1139 459 1186 imaginem
474 1137 576 1177 continuo
591 1135 677 1184 spiritus
692 1134 713 1173 in
727 1133 799 1183 seipso
814 1132 857 1173 ior·

73 1207 146 1252 maret,
158 1205 209 1245 etin
220 1205 323 1244 memoria
334 1204 439 1249 retineret,
451 1203 583 1255 ignoraretur
593 1199 686 1240 secunda
695 1198 775 1248 syllaba
785 1200 856 1238 utrum

72 1269 165 1310 secunda
180 1271 242 1316 esset,
253 1280 301 1308 cum
317 1269 358 1308 iam
374 1256 441 1318 prima
456 1267 529 1316 utique
543 1265 599 1305 nulla
614 1267 676 1312 esset,
688 1275 743 1313 quae
757 1274 857 1313 percussa

73 1346 123 1374 aure
143 1334 259 1373 transiisset
266 1348 275 1375 :.
286 1344 311 1373 ac
324 1333 355 1373 sic
369 1333 439 1372 omnis
460 1331 574 1371 locutionis
595 1341 671 1370 usus...
691 1328 824 1369 occideret...
839 1328 856 1368 si

72 1395 189 1438 transactos
199 1397 300 1451 corporis>
306 1399 377 1436 motus
391 1396 477 1456 spiritus
486 1407 533 1435 non·
540 1397 627 1441 teneret,
637 1393 715 1442 quihus
724 1404 857 1441 consequen·

73 1465 104 1501 tes
119 1463 140 1501 in
155 1452 239 1509 agendo
254 1463 395 1500 connecteret.
407 1459 469 1506 Quos
483 1460 556 1508 utique
571 1470 614 1498 non
629 1460 686 1498 tenet
700 1458 739 1497 nisi
755 1457 858 1506 imagina-

73 1528 120 1567 liter
135 1520 183 1566 a'se
197 1526 265 1565 iactos
280 1527 301 1565 in
318 1537 348 1565 se.

122 1650 142 1676 a.
156 1640 185 1678 ci.
198 1640 250 1685 inira,
264 1639 284 1684 8,
299 1638 322 1684 ii,
336 1640 367 1676 Dr
379 1647 476 1678 nenomn
493 1644 596 1676 seusium.

119 1699 144 1737 b.
157 1701 178 1738 ln
190 1700 221 1737 De
235 1700 285 1737 Trin.
298 1700 329 1745 Xl,
343 1699 381 1746 i·vi‚
394 1700 416 1736 Α.
430 1700 476 1736 haec
488 1699 523 1736 tria
535 1699 643 1746 distinguit:
656 1709 726 1745 corpus
739 1698 792 1745 quod
807 1697 858 1735 vide·

74 1763 110 1806 tur,
122 1761 184 1807 ipsam
196 1760 295 1806 visionem,
309 1762 327 1797 et
339 1771 389 1806 quae
401 1762 503 1807 utrumque
517 1760 616 1807 coniungit
634 1759 709 1796 animae
727 1759 858 1804 intentionem,

76 1831 168 1867 quaerens
181 1820 200 1856 in
213 1820 321 1857 sensatione
333 1820 437 1867 imaginem
450 1820 553 1867 quamdam
566 1819 598 1857 SS.
606 1819 707 1856 Trinitatis.
720 1819 757 1856 Cui
767 1819 802 1855 tini
814 1830 859 1856 cum

76 1880 138 1916 minus
151 1880 248 1916 inserviret
259 1880 332 1916 theoria
340 1880 371 1916 illa
380 1879 486 1925 singularis,
495 1879 569 1916 subtilis
577 1881 596 1916 et
603 1879 699 1916 intellectu
712 1879 800 1924 difficilis,
809 1889 859 1925 quae

76 1939 112 1984 ipsi
125 1941 152 1975 est
164 1939 246 1985 propria,
259 1949 301 1975 eam
314 1950 353 1975 non
366 1939 454 1984 explicite
466 1939 542 1984 profert,
550 1939 585 1975 sed
598 1939 655 1975 utitur
667 1938 796 1975 locutionibus
807 1949 859 1975 com·

77 1997 129 2033 muni
142 1997 201 2033 modo
210 2008 250 2033 rem
259 1997 379 2042 concipiendi
392 1997 453 2043 magis
465 1997 600 2042 accomodatis,
609 2008 659 2043 quae
670 2000 734 2034 tamen
747 2007 794 2034 suae
802 1997 859 2034 etiam

77 2055 173 2091 doctrinae
185 2056 230 2092 satis
242 2056 361 2092 conveniant.
372 2056 396 2092 V.
408 2067 427 2102 g;
439 2057 458 2102 ii,
470 2059 491 2092 2:
506 2071 513 2086 (ι
522 2057 603 2102 Ipsaque
615 2056 664 2092 visio
677 2056 723 2103 quid
736 2056 787 2092 aliud
800 2067 859 2103 quam

77 2124 143 2150 sensus
156 2125 180 2150 ex
193 2125 215 2150 ea
228 2125 305 2160 requae
317 2115 396 2151 sentitur
408 2115 519 2151 informatus
534 2115 643 2161 apparete..
657 2115 709 2151 nullo
723 2116 782 2152 modo
795 2117 859 2152 tamen

36 2184 38 2187 ·
77 2173 163 2208 eiusdem
180 2173 296 2209 substantiae
308 2175 336 2209 est
348 2184 417 2219 corpus
436 2185 477 2220 quo
495 2175 587 2210 tornatur
605 2184 673 2210 sensus
692 2174 799 2219 oculorum,
815 2175 860 2211 cum

77 2230 128 2266 idem
141 2241 210 2276 corpus
223 2231 301 2275 videtur,
314 2233 332 2268 ei
344 2232 385 2278 ipsa
397 2232 459 2268 torma
472 2243 521 2278 quae
534 2234 558 2269 ab
571 2233 641 2269 eodem
659 2233 773 2279 imprimitur
789 2233 859 2280 sensui,

78 2299 127 2334 quae
139 2290 186 2326 visio
199 2292 282 2326 vocatur.
295 2289 370 2336 Corpus
389 2291 440 2327 enim
452 2291 514 2327 visum
527 2292 546 2327 in
559 2302 594 2328 sua
606 2294 673 2328 natura
691 2292 797 2339 separabile
814 2295 860 2330 est...

77 2359 145 2384 sensus
157 2346 236 2394 [autem]
249 2351 267 2385 et
279 2349 332 2394 visio,
345 2349 357 2385 i.
370 2345 387 2386 e.
399 2348 467 2386 sensus
480 2350 573 2387 formatus
586 2351 708 2397 extrinsecus,
721 2352 746 2388 ad
758 2352 860 2388 animantis

78 2409 163 2444 naturam
182 2408 267 2454 pertinet,
280 2409 360 2445 omnino
378 2404 433 2446 aliam
446 2420 504 2456 quam
517 2411 545 2447 est
557 2410 604 2447 illud
621 2421 691 2458 corpus
703 2411 757 2458 quod
775 2411 860 2449 videndo

78 2468 175 2512 sentimus,
188 2479 227 2514 quo
240 2478 307 2505 sensus
320 2480 359 2505 non
372 2469 397 2522 ita
413 2469 505 2507 formatur
517 2472 537 2507 ut
549 2481 617 2507 sensus
635 2472 664 2517 sit,
675 2469 710 2509 sed
724 2474 745 2510 ut
756 2472 805 2510 visio
819 2473 860 2510 sit...

79 2528 163 2573 Itemque
172 2528 203 2564 ilia
211 2528 269 2564 animi
281 2529 361 2565 intentio
374 2529 452 2566 diflert...
461 2530 485 2566 ab
494 2531 537 2576 ipso
546 2541 624 2577 quoque
637 2542 694 2569 sensu
707 2534 764 2580 atque
776 2533 861 2570 visione:

79 2588 170 2633 quoniam
183 2588 242 2624 solius
255 2588 313 2624 animi
322 2590 349 2625 est
357 2589 404 2626 haec
416 2589 504 2635 intentio;
518 2601 585 2627 sensus
600 2593 663 2628 autem
676 2589 777 2629 oculorum
785 2603 825 2630 non
834 2593 861 2631 ob
