<?xml version="1.0" encoding="UTF-8"?>
<!DOCTYPE html PUBLIC "-//W3C//DTD XHTML 1.0 Transitional//EN"
    "http://www.w3.org/TR/xhtml1/DTD/xhtml1-transitional.dtd">
<html xmlns="http://www.w3.org/1999/xhtml" xml:lang="en" lang="en">
 <head>
  <title>
</title>
<meta http-equiv="Content-Type" content="text/html;charset=utf-8" />
  <meta name='ocr-system' content='tesseract 3.04.00' />
  <meta name='ocr-capabilities' content='ocr_page ocr_carea ocr_par ocr_line ocrx_word'/>
</head>
<body>
  <div class='ocr_page' id='page_1' title='image "./MN41427ucmf_7_0028.png"; bbox 0 0 1768 2978; ppageno 0'>
   <div class='ocr_carea' id='block_1_1' title="bbox 83 75 582 111">
    <p class='ocr_par' dir='ltr' id='par_1_1' title="bbox 83 75 582 111">
     <span class='ocr_line' id='line_1_1' title="bbox 83 75 582 111; baseline -0.012 0"><span class='ocrx_word' id='word_1_1' title='bbox 83 77 94 111; x_wconf 82' lang='lat'>2</span> <span class='ocrx_word' id='word_1_2' title='bbox 364 75 380 109; x_wconf 83' lang='lat'>2.</span> <span class='ocrx_word' id='word_1_3' title='bbox 393 93 400 99; x_wconf 93' lang='lat'>-</span> <span class='ocrx_word' id='word_1_4' title='bbox 413 79 463 110; x_wconf 83' lang='lat' dir='ltr'><strong>SERO</strong></span> <span class='ocrx_word' id='word_1_5' title='bbox 476 78 501 107; x_wconf 82' lang='lat' dir='ltr'>TE</span> <span class='ocrx_word' id='word_1_6' title='bbox 516 77 582 107; x_wconf 77' lang='lat' dir='ltr'>thVl</span> 
     </span>
    </p>
   </div>
   <div class='ocr_carea' id='block_1_2' title="bbox 84 186 869 712">
    <p class='ocr_par' dir='ltr' id='par_1_2' title="bbox 84 186 869 594">
     <span class='ocr_line' id='line_1_2' title="bbox 138 186 869 236; baseline -0.012 -5"><span class='ocrx_word' id='word_1_7' title='bbox 138 192 159 229; x_wconf 87' lang='lat' dir='ltr'>b.</span> <span class='ocrx_word' id='word_1_8' title='bbox 172 193 201 230; x_wconf 91' lang='lat' dir='ltr'>Cf.</span> <span class='ocrx_word' id='word_1_9' title='bbox 213 194 245 230; x_wconf 81' lang='lat' dir='ltr'>De</span> <span class='ocrx_word' id='word_1_10' title='bbox 253 193 292 230; x_wconf 75' lang='lat' dir='ltr'>Ciu.</span> <span class='ocrx_word' id='word_1_11' title='bbox 301 192 340 229; x_wconf 83' lang='lat' dir='ltr'>Dei</span> <span class='ocrx_word' id='word_1_12' title='bbox 351 192 398 236; x_wconf 94' lang='lat' dir='ltr'>Vlll,</span> <span class='ocrx_word' id='word_1_13' title='bbox 411 191 448 235; x_wconf 87' lang='lat' dir='ltr'>viii,</span> <span class='ocrx_word' id='word_1_14' title='bbox 461 190 494 226; x_wconf 92' lang='lat' dir='ltr'>ubi</span> <span class='ocrx_word' id='word_1_15' title='bbox 507 190 668 225; x_wconf 77' lang='lat' dir='ltr'>commemoratur</span> <span class='ocrx_word' id='word_1_16' title='bbox 680 186 773 223; x_wconf 90' lang='lat' dir='ltr'>sententia</span> <span class='ocrx_word' id='word_1_17' title='bbox 784 186 869 223; x_wconf 72' lang='lat' dir='ltr'>Platonis</span> 
     </span>
     <span class='ocr_line' id='line_1_3' title="bbox 84 245 868 299; baseline -0.01 -10"><span class='ocrx_word' id='word_1_18' title='bbox 84 246 117 299; x_wconf 90' lang='lat' dir='ltr'>qui</span> <span class='ocrx_word' id='word_1_19' title='bbox 132 267 139 283; x_wconf 54' lang='grc' dir='ltr'>υ.</span> <span class='ocrx_word' id='word_1_20' title='bbox 148 264 187 289; x_wconf 92' lang='lat' dir='ltr'>non</span> <span class='ocrx_word' id='word_1_21' title='bbox 198 253 275 289; x_wconf 75' lang='lat' dir='ltr'>‚dubitat</span> <span class='ocrx_word' id='word_1_22' title='bbox 290 253 327 288; x_wconf 92' lang='lat' dir='ltr'>hoc</span> <span class='ocrx_word' id='word_1_23' title='bbox 341 262 383 287; x_wconf 88' lang='lat' dir='ltr'>esse</span> <span class='ocrx_word' id='word_1_24' title='bbox 398 249 534 296; x_wconf 88' lang='lat' dir='ltr'>philosophari,</span> <span class='ocrx_word' id='word_1_25' title='bbox 550 259 613 284; x_wconf 87' lang='lat' dir='ltr'>amare</span> <span class='ocrx_word' id='word_1_26' title='bbox 626 247 692 283; x_wconf 60' lang='lat' dir='ltr'>&gt;Deum</span> <span class='ocrx_word' id='word_1_27' title='bbox 701 261 716 282; x_wconf 66' lang='lat' dir='ltr'>i.</span> <span class='ocrx_word' id='word_1_28' title='bbox 734 245 792 290; x_wconf 81' lang='lat' dir='ltr'>Conf.</span> <span class='ocrx_word' id='word_1_29' title='bbox 805 247 827 290; x_wconf 88' lang='lat' dir='ltr'>V,</span> <span class='ocrx_word' id='word_1_30' title='bbox 840 246 868 282; x_wconf 90' lang='lat' dir='ltr'>iv:</span> 
     </span>
     <span class='ocr_line' id='line_1_4' title="bbox 86 304 869 358; baseline -0.009 -10"><span class='ocrx_word' id='word_1_31' title='bbox 86 313 208 358; x_wconf 79' lang='lat' dir='ltr'>«Numquid,</span> <span class='ocrx_word' id='word_1_32' title='bbox 224 312 307 348; x_wconf 85' lang='lat' dir='ltr'>Domine</span> <span class='ocrx_word' id='word_1_33' title='bbox 322 312 375 347; x_wconf 90' lang='lat' dir='ltr'>Deus</span> <span class='ocrx_word' id='word_1_34' title='bbox 392 309 477 354; x_wconf 86' lang='lat' dir='ltr'>veritatis,</span> <span class='ocrx_word' id='word_1_35' title='bbox 493 308 580 354; x_wconf 90' lang='lat' dir='ltr'>quisquis</span> <span class='ocrx_word' id='word_1_36' title='bbox 598 307 650 343; x_wconf 88' lang='lat' dir='ltr'>novit</span> <span class='ocrx_word' id='word_1_37' title='bbox 666 307 701 342; x_wconf 90' lang='lat' dir='ltr'>ista</span> <span class='ocrx_word' id='word_1_38' title='bbox 716 304 815 352; x_wconf 90' lang='lat' dir='ltr'>[physica],</span> <span class='ocrx_word' id='word_1_39' title='bbox 830 305 869 352; x_wconf 88' lang='lat' dir='ltr'>jam</span> 
     </span>
     <span class='ocr_line' id='line_1_5' title="bbox 84 366 869 418; baseline -0.009 -11"><span class='ocrx_word' id='word_1_40' title='bbox 84 372 145 417; x_wconf 87' lang='lat' dir='ltr'>placet</span> <span class='ocrx_word' id='word_1_41' title='bbox 161 371 208 407; x_wconf 81' lang='lat' dir='ltr'>tibi?</span> <span class='ocrx_word' id='word_1_42' title='bbox 225 371 290 407; x_wconf 86' lang='lat' dir='ltr'>Infelix</span> <span class='ocrx_word' id='word_1_43' title='bbox 306 371 356 406; x_wconf 90' lang='lat' dir='ltr'>enim</span> <span class='ocrx_word' id='word_1_44' title='bbox 374 370 432 406; x_wconf 93' lang='lat' dir='ltr'>homo</span> <span class='ocrx_word' id='word_1_45' title='bbox 450 369 482 414; x_wconf 91' lang='lat' dir='ltr'>qui</span> <span class='ocrx_word' id='word_1_46' title='bbox 499 369 534 405; x_wconf 90' lang='lat' dir='ltr'>scit</span> <span class='ocrx_word' id='word_1_47' title='bbox 550 367 581 403; x_wconf 94' lang='lat' dir='ltr'>illa</span> <span class='ocrx_word' id='word_1_48' title='bbox 597 367 668 411; x_wconf 92' lang='lat' dir='ltr'>omnia,</span> <span class='ocrx_word' id='word_1_49' title='bbox 683 368 702 402; x_wconf 89' lang='lat' dir='ltr'>te</span> <span class='ocrx_word' id='word_1_50' title='bbox 718 367 782 402; x_wconf 89' lang='lat' dir='ltr'>autem</span> <span class='ocrx_word' id='word_1_51' title='bbox 799 366 869 418; x_wconf 87' lang='lat' dir='ltr'>nescit;</span> 
     </span>
     <span class='ocr_line' id='line_1_6' title="bbox 85 425 869 478; baseline -0.008 -12"><span class='ocrx_word' id='word_1_52' title='bbox 85 431 151 466; x_wconf 90' lang='lat' dir='ltr'>beatus</span> <span class='ocrx_word' id='word_1_53' title='bbox 164 433 227 466; x_wconf 91' lang='lat' dir='ltr'>autem</span> <span class='ocrx_word' id='word_1_54' title='bbox 236 430 268 476; x_wconf 94' lang='lat' dir='ltr'>qui</span> <span class='ocrx_word' id='word_1_55' title='bbox 278 432 296 466; x_wconf 89' lang='lat' dir='ltr'>te</span> <span class='ocrx_word' id='word_1_56' title='bbox 305 430 344 478; x_wconf 76' lang='lat' dir='ltr'>scii,</span> <span class='ocrx_word' id='word_1_57' title='bbox 354 429 426 465; x_wconf 89' lang='lat' dir='ltr'>etiamsi</span> <span class='ocrx_word' id='word_1_58' title='bbox 435 429 466 464; x_wconf 91' lang='lat' dir='ltr'>illa</span> <span class='ocrx_word' id='word_1_59' title='bbox 475 428 551 464; x_wconf 87' lang='lat' dir='ltr'>nesciat.</span> <span class='ocrx_word' id='word_1_60' title='bbox 564 427 603 469; x_wconf 87' lang='lat' dir='ltr'>Qui</span> <span class='ocrx_word' id='word_1_61' title='bbox 616 437 661 462; x_wconf 88' lang='lat' dir='ltr'>vero</span> <span class='ocrx_word' id='word_1_62' title='bbox 674 427 693 462; x_wconf 91' lang='lat' dir='ltr'>et</span> <span class='ocrx_word' id='word_1_63' title='bbox 705 427 723 461; x_wconf 93' lang='lat' dir='ltr'>te</span> <span class='ocrx_word' id='word_1_64' title='bbox 736 427 755 461; x_wconf 88' lang='lat' dir='ltr'>et</span> <span class='ocrx_word' id='word_1_65' title='bbox 767 425 798 461; x_wconf 89' lang='lat' dir='ltr'>illa</span> <span class='ocrx_word' id='word_1_66' title='bbox 811 425 869 469; x_wconf 85' lang='lat' dir='ltr'>novit,</span> 
     </span>
     <span class='ocr_line' id='line_1_7' title="bbox 85 485 869 535; baseline -0.008 -10"><span class='ocrx_word' id='word_1_67' title='bbox 85 499 124 525; x_wconf 94' lang='lat' dir='ltr'>non</span> <span class='ocrx_word' id='word_1_68' title='bbox 137 492 214 535; x_wconf 89' lang='lat' dir='ltr'>propter</span> <span class='ocrx_word' id='word_1_69' title='bbox 222 489 253 524; x_wconf 91' lang='lat' dir='ltr'>illa</span> <span class='ocrx_word' id='word_1_70' title='bbox 262 489 339 533; x_wconf 89' lang='lat' dir='ltr'>beatior,</span> <span class='ocrx_word' id='word_1_71' title='bbox 348 488 381 524; x_wconf 88' lang='lat' dir='ltr'>sed</span> <span class='ocrx_word' id='word_1_72' title='bbox 395 489 498 534; x_wconf 91' lang='lat' dir='ltr'>propterte</span> <span class='ocrx_word' id='word_1_73' title='bbox 507 487 570 523; x_wconf 92' lang='lat' dir='ltr'>solum</span> <span class='ocrx_word' id='word_1_74' title='bbox 580 486 646 522; x_wconf 88' lang='lat' dir='ltr'>beatus</span> <span class='ocrx_word' id='word_1_75' title='bbox 655 487 688 529; x_wconf 83' lang='lat' dir='ltr'>est,</span> <span class='ocrx_word' id='word_1_76' title='bbox 697 485 713 520; x_wconf 93' lang='lat' dir='ltr'>si</span> <span class='ocrx_word' id='word_1_77' title='bbox 722 495 842 530; x_wconf 85' lang='lat' dir='ltr'>cognoscens</span> <span class='ocrx_word' id='word_1_78' title='bbox 852 486 869 519; x_wconf 92' lang='lat' dir='ltr'>te</span> 
     </span>
     <span class='ocr_line' id='line_1_8' title="bbox 85 544 845 594; baseline -0.008 -10"><span class='ocrx_word' id='word_1_79' title='bbox 85 548 158 584; x_wconf 85' lang='lat' dir='ltr'>sicutte</span> <span class='ocrx_word' id='word_1_80' title='bbox 168 548 260 593; x_wconf 81' lang='lat' dir='ltr'>glorificet</span> <span class='ocrx_word' id='word_1_81' title='bbox 268 550 286 584; x_wconf 89' lang='lat' dir='ltr'>et</span> <span class='ocrx_word' id='word_1_82' title='bbox 295 548 363 594; x_wconf 79' lang='lat' dir='ltr'>gratias</span> <span class='ocrx_word' id='word_1_83' title='bbox 372 549 415 593; x_wconf 79' lang='lat' dir='ltr'>agat</span> <span class='ocrx_word' id='word_1_84' title='bbox 424 549 442 582; x_wconf 88' lang='lat' dir='ltr'>et</span> <span class='ocrx_word' id='word_1_85' title='bbox 451 557 490 582; x_wconf 90' lang='lat' dir='ltr'>non</span> <span class='ocrx_word' id='word_1_86' title='bbox 499 546 599 582; x_wconf 87' lang='lat' dir='ltr'>evanescat</span> <span class='ocrx_word' id='word_1_87' title='bbox 611 545 630 580; x_wconf 91' lang='lat' dir='ltr'>in</span> <span class='ocrx_word' id='word_1_88' title='bbox 644 544 793 590; x_wconf 82' lang='lat' dir='ltr'>cogitationibus</span> <span class='ocrx_word' id='word_1_89' title='bbox 805 544 845 579; x_wconf 86' lang='lat' dir='ltr'>suis</span> 
     </span>
    </p>

    <p class='ocr_par' dir='ltr' id='par_1_3' title="bbox 84 604 869 712">
     <span class='ocr_line' id='line_1_9' title="bbox 139 604 869 652; baseline -0.004 -11"><span class='ocrx_word' id='word_1_90' title='bbox 139 616 158 642; x_wconf 91' lang='lat' dir='ltr'>c.</span> <span class='ocrx_word' id='word_1_91' title='bbox 172 607 217 642; x_wconf 90' lang='lat' dir='ltr'>lnde</span> <span class='ocrx_word' id='word_1_92' title='bbox 230 609 281 652; x_wconf 88' lang='lat' dir='ltr'>patet</span> <span class='ocrx_word' id='word_1_93' title='bbox 293 617 350 652; x_wconf 91' lang='lat' dir='ltr'>quam</span> <span class='ocrx_word' id='word_1_94' title='bbox 364 617 431 652; x_wconf 89' lang='lat' dir='ltr'>parum</span> <span class='ocrx_word' id='word_1_95' title='bbox 440 606 463 642; x_wconf 92' lang='lat' dir='ltr'>sit</span> <span class='ocrx_word' id='word_1_96' title='bbox 472 605 580 651; x_wconf 74' lang='lat' dir='ltr'>Augustino</span> <span class='ocrx_word' id='word_1_97' title='bbox 589 604 712 650; x_wconf 80' lang='lat' dir='ltr'>philosophia</span> <span class='ocrx_word' id='word_1_98' title='bbox 722 614 774 639; x_wconf 89' lang='lat' dir='ltr'>mera</span> <span class='ocrx_word' id='word_1_99' title='bbox 783 604 869 649; x_wconf 86' lang='lat' dir='ltr'>specula-</span> 
     </span>
     <span class='ocr_line' id='line_1_10' title="bbox 84 662 869 712; baseline -0.005 -10"><span class='ocrx_word' id='word_1_100' title='bbox 84 667 111 703; x_wconf 87' lang='lat' dir='ltr'>tio</span> <span class='ocrx_word' id='word_1_101' title='bbox 119 666 218 710; x_wconf 87' lang='lat' dir='ltr'>rationalis,</span> <span class='ocrx_word' id='word_1_102' title='bbox 226 666 290 712; x_wconf 91' lang='lat' dir='ltr'>quanti</span> <span class='ocrx_word' id='word_1_103' title='bbox 299 666 389 702; x_wconf 88' lang='lat' dir='ltr'>momenti</span> <span class='ocrx_word' id='word_1_104' title='bbox 397 666 434 701; x_wconf 87' lang='lat' dir='ltr'>sint</span> <span class='ocrx_word' id='word_1_105' title='bbox 441 665 511 701; x_wconf 88' lang='lat' dir='ltr'>motiva</span> <span class='ocrx_word' id='word_1_106' title='bbox 518 664 579 701; x_wconf 90' lang='lat' dir='ltr'>ethica</span> <span class='ocrx_word' id='word_1_107' title='bbox 588 666 606 700; x_wconf 89' lang='lat' dir='ltr'>et</span> <span class='ocrx_word' id='word_1_108' title='bbox 615 663 710 710; x_wconf 83' lang='lat' dir='ltr'>religiosa,</span> <span class='ocrx_word' id='word_1_109' title='bbox 720 663 791 699; x_wconf 89' lang='lat' dir='ltr'>motiva</span> <span class='ocrx_word' id='word_1_110' title='bbox 800 662 869 698; x_wconf 87' lang='lat' dir='ltr'>cordis.</span> 
     </span>
    </p>
   </div>
   <div class='ocr_carea' id='block_1_3' title="bbox 330 807 619 852">
    <p class='ocr_par' dir='ltr' id='par_1_4' title="bbox 330 807 619 852">
     <span class='ocr_line' id='line_1_11' title="bbox 330 807 619 852; baseline -0.003 0"><span class='ocrx_word' id='word_1_111' title='bbox 330 810 354 852; x_wconf 88' lang='lat'>2.</span> <span class='ocrx_word' id='word_1_112' title='bbox 369 832 377 840; x_wconf 93' lang='lat'><strong>·</strong></span> <span class='ocrx_word' id='word_1_113' title='bbox 394 808 461 852; x_wconf 89' lang='lat' dir='ltr'>Sero</span> <span class='ocrx_word' id='word_1_114' title='bbox 476 809 504 852; x_wconf 88' lang='lat' dir='ltr'>te</span> <span class='ocrx_word' id='word_1_115' title='bbox 521 807 619 851; x_wconf 87' lang='lat' dir='ltr'>amavi.</span> 
     </span>
    </p>
   </div>
   <div class='ocr_carea' id='block_1_4' title="bbox 87 929 873 1830">
    <p class='ocr_par' dir='ltr' id='par_1_5' title="bbox 87 929 873 1830">
     <span class='ocr_line' id='line_1_12' title="bbox 142 929 870 980; baseline -0.004 -9"><span class='ocrx_word' id='word_1_116' title='bbox 142 931 204 980; x_wconf 80' lang='lat' dir='ltr'>Cous.</span> <span class='ocrx_word' id='word_1_117' title='bbox 221 931 256 978; x_wconf 87' lang='lat' dir='ltr'>lll,</span> <span class='ocrx_word' id='word_1_118' title='bbox 268 931 295 977; x_wconf 86' lang='lat' dir='ltr'>iv,</span> <span class='ocrx_word' id='word_1_119' title='bbox 307 932 318 969; x_wconf 81' lang='lat'>7</span> <span class='ocrx_word' id='word_1_120' title='bbox 329 930 450 979; x_wconf 72' lang='lat' dir='ltr'>(postquam</span> <span class='ocrx_word' id='word_1_121' title='bbox 461 931 512 979; x_wconf 78' lang='lat' dir='ltr'>legit</span> <span class='ocrx_word' id='word_1_122' title='bbox 523 930 660 970; x_wconf 81' lang='lat' dir='ltr'>Hortensium</span> <span class='ocrx_word' id='word_1_123' title='bbox 672 929 791 976; x_wconf 79' lang='lat' dir='ltr'>Ciceronis,</span> <span class='ocrx_word' id='word_1_124' title='bbox 802 940 870 969; x_wconf 89' lang='lat' dir='ltr'>annos</span> 
     </span>
     <span class='ocr_line' id='line_1_13' title="bbox 87 995 869 1044; baseline -0.003 -8"><span class='ocrx_word' id='word_1_125' title='bbox 87 997 121 1036; x_wconf 87' lang='lat' dir='ltr'>xix</span> <span class='ocrx_word' id='word_1_126' title='bbox 134 995 213 1043; x_wconf 78' lang='lat' dir='ltr'>natusl:</span> <span class='ocrx_word' id='word_1_127' title='bbox 230 996 266 1036; x_wconf 91' lang='lat' dir='ltr'>llle</span> <span class='ocrx_word' id='word_1_128' title='bbox 276 1008 326 1036; x_wconf 90' lang='lat' dir='ltr'>vero</span> <span class='ocrx_word' id='word_1_129' title='bbox 337 996 390 1036; x_wconf 89' lang='lat' dir='ltr'>liber</span> <span class='ocrx_word' id='word_1_130' title='bbox 400 996 488 1036; x_wconf 87' lang='lat' dir='ltr'>mutavit</span> <span class='ocrx_word' id='word_1_131' title='bbox 498 995 597 1036; x_wconf 87' lang='lat' dir='ltr'>affectum</span> <span class='ocrx_word' id='word_1_132' title='bbox 609 1007 689 1042; x_wconf 88' lang='lat' dir='ltr'>meum,</span> <span class='ocrx_word' id='word_1_133' title='bbox 701 997 721 1035; x_wconf 90' lang='lat' dir='ltr'>et</span> <span class='ocrx_word' id='word_1_134' title='bbox 731 995 758 1035; x_wconf 90' lang='lat' dir='ltr'>ad</span> <span class='ocrx_word' id='word_1_135' title='bbox 768 996 869 1044; x_wconf 87' lang='lat' dir='ltr'>teipsum,</span> 
     </span>
     <span class='ocr_line' id='line_1_14' title="bbox 88 1060 871 1109; baseline -0.001 -8"><span class='ocrx_word' id='word_1_136' title='bbox 88 1062 187 1108; x_wconf 86' lang='lat' dir='ltr'>Domine,</span> <span class='ocrx_word' id='word_1_137' title='bbox 207 1063 294 1102; x_wconf 89' lang='lat' dir='ltr'>mutavit</span> <span class='ocrx_word' id='word_1_138' title='bbox 312 1073 384 1109; x_wconf 82' lang='lat' dir='ltr'>preces</span> <span class='ocrx_word' id='word_1_139' title='bbox 402 1073 466 1108; x_wconf 88' lang='lat' dir='ltr'>meas,</span> <span class='ocrx_word' id='word_1_140' title='bbox 486 1064 505 1101; x_wconf 86' lang='lat' dir='ltr'>et</span> <span class='ocrx_word' id='word_1_141' title='bbox 523 1064 572 1101; x_wconf 88' lang='lat' dir='ltr'>vota</span> <span class='ocrx_word' id='word_1_142' title='bbox 589 1072 613 1101; x_wconf 86' lang='lat' dir='ltr'>ac</span> <span class='ocrx_word' id='word_1_143' title='bbox 632 1060 737 1100; x_wconf 90' lang='lat' dir='ltr'>desideria</span> <span class='ocrx_word' id='word_1_144' title='bbox 755 1072 802 1100; x_wconf 89' lang='lat' dir='ltr'>mea</span> <span class='ocrx_word' id='word_1_145' title='bbox 821 1060 871 1100; x_wconf 87' lang='lat' dir='ltr'>fecit</span> 
     </span>
     <span class='ocr_line' id='line_1_15' title="bbox 88 1123 870 1176; baseline -0.003 -8"><span class='ocrx_word' id='word_1_146' title='bbox 88 1128 135 1168; x_wconf 89' lang='lat' dir='ltr'>alia.</span> <span class='ocrx_word' id='word_1_147' title='bbox 150 1128 218 1170; x_wconf 67' lang='lat' dir='ltr'>,Viluit</span> <span class='ocrx_word' id='word_1_148' title='bbox 237 1127 288 1167; x_wconf 91' lang='lat' dir='ltr'>mihi</span> <span class='ocrx_word' id='word_1_149' title='bbox 308 1129 394 1176; x_wconf 87' lang='lat' dir='ltr'>repente</span> <span class='ocrx_word' id='word_1_150' title='bbox 413 1128 483 1166; x_wconf 91' lang='lat' dir='ltr'>omnis</span> <span class='ocrx_word' id='word_1_151' title='bbox 503 1139 555 1166; x_wconf 90' lang='lat' dir='ltr'>vana</span> <span class='ocrx_word' id='word_1_152' title='bbox 574 1138 630 1175; x_wconf 90' lang='lat' dir='ltr'>spes,</span> <span class='ocrx_word' id='word_1_153' title='bbox 650 1129 670 1166; x_wconf 90' lang='lat' dir='ltr'>et</span> <span class='ocrx_word' id='word_1_154' title='bbox 690 1123 870 1166; x_wconf 87' lang='lat' dir='ltr'>immortalitatem</span> 
     </span>
     <span class='ocr_line' id='line_1_16' title="bbox 88 1192 871 1242; baseline -0.003 -9"><span class='ocrx_word' id='word_1_155' title='bbox 88 1194 202 1242; x_wconf 81' lang='lat' dir='ltr'>sapientiae</span> <span class='ocrx_word' id='word_1_156' title='bbox 215 1192 391 1241; x_wconf 86' lang='lat' dir='ltr'>concupiscebam</span> <span class='ocrx_word' id='word_1_157' title='bbox 403 1195 460 1232; x_wconf 88' lang='lat' dir='ltr'>aestu</span> <span class='ocrx_word' id='word_1_158' title='bbox 472 1192 542 1232; x_wconf 88' lang='lat' dir='ltr'>cordis</span> <span class='ocrx_word' id='word_1_159' title='bbox 553 1192 678 1238; x_wconf 77' lang='lat' dir='ltr'>incredibili,</span> <span class='ocrx_word' id='word_1_160' title='bbox 690 1195 711 1232; x_wconf 90' lang='lat' dir='ltr'>et</span> <span class='ocrx_word' id='word_1_161' title='bbox 723 1204 811 1241; x_wconf 83' lang='lat' dir='ltr'>surgere</span> <span class='ocrx_word' id='word_1_162' title='bbox 823 1203 871 1232; x_wconf 89' lang='lat' dir='ltr'>coe-</span> 
     </span>
     <span class='ocr_line' id='line_1_17' title="bbox 89 1256 870 1307; baseline -0.001 -9"><span class='ocrx_word' id='word_1_163' title='bbox 89 1270 160 1307; x_wconf 88' lang='lat' dir='ltr'>peram</span> <span class='ocrx_word' id='word_1_164' title='bbox 176 1258 238 1298; x_wconf 90' lang='lat' dir='ltr'>utad</span> <span class='ocrx_word' id='word_1_165' title='bbox 253 1257 412 1297; x_wconf 66' lang='lat' dir='ltr'>teredinem...</span> <span class='ocrx_word' id='word_1_166' title='bbox 431 1259 451 1297; x_wconf 85' lang='lat'>8.</span> <span class='ocrx_word' id='word_1_167' title='bbox 467 1256 585 1303; x_wconf 91' lang='lat' dir='ltr'>Quomodo</span> <span class='ocrx_word' id='word_1_168' title='bbox 603 1257 712 1305; x_wconf 87' lang='lat' dir='ltr'>ardebam,</span> <span class='ocrx_word' id='word_1_169' title='bbox 729 1257 787 1297; x_wconf 89' lang='lat' dir='ltr'>Deus</span> <span class='ocrx_word' id='word_1_170' title='bbox 802 1269 870 1304; x_wconf 82' lang='lat' dir='ltr'>meus,</span> 
     </span>
     <span class='ocr_line' id='line_1_18' title="bbox 89 1322 871 1371; baseline -0.001 -9"><span class='ocrx_word' id='word_1_171' title='bbox 89 1323 199 1371; x_wconf 87' lang='lat' dir='ltr'>quomodo</span> <span class='ocrx_word' id='word_1_172' title='bbox 214 1322 314 1362; x_wconf 89' lang='lat' dir='ltr'>ardebam</span> <span class='ocrx_word' id='word_1_173' title='bbox 325 1322 418 1362; x_wconf 86' lang='lat' dir='ltr'>revolare</span> <span class='ocrx_word' id='word_1_174' title='bbox 434 1335 446 1362; x_wconf 90' lang='lat' dir='ltr'>a</span> <span class='ocrx_word' id='word_1_175' title='bbox 459 1323 547 1362; x_wconf 89' lang='lat' dir='ltr'>terrenis</span> <span class='ocrx_word' id='word_1_176' title='bbox 562 1322 588 1362; x_wconf 90' lang='lat' dir='ltr'>ad</span> <span class='ocrx_word' id='word_1_177' title='bbox 603 1325 633 1370; x_wconf 90' lang='lat' dir='ltr'>te;</span> <span class='ocrx_word' id='word_1_178' title='bbox 649 1325 670 1362; x_wconf 93' lang='lat' dir='ltr'>et</span> <span class='ocrx_word' id='word_1_179' title='bbox 684 1322 808 1363; x_wconf 89' lang='lat' dir='ltr'>nesciebam·</span> <span class='ocrx_word' id='word_1_180' title='bbox 819 1322 871 1371; x_wconf 92' lang='lat' dir='ltr'>quid</span> 
     </span>
     <span class='ocr_line' id='line_1_19' title="bbox 89 1387 872 1437; baseline 0.001 -10"><span class='ocrx_word' id='word_1_181' title='bbox 89 1399 162 1437; x_wconf 84' lang='lat' dir='ltr'>ageres</span> <span class='ocrx_word' id='word_1_182' title='bbox 172 1399 263 1427; x_wconf 90' lang='lat' dir='ltr'>mecum.</span> <span class='ocrx_word' id='word_1_183' title='bbox 279 1387 341 1436; x_wconf 77' lang='lat' dir='ltr'>apud</span> <span class='ocrx_word' id='word_1_184' title='bbox 356 1390 376 1427; x_wconf 92' lang='lat' dir='ltr'>te</span> <span class='ocrx_word' id='word_1_185' title='bbox 391 1390 422 1427; x_wconf 90' lang='lat' dir='ltr'>est</span> <span class='ocrx_word' id='word_1_186' title='bbox 434 1389 490 1427; x_wconf 90' lang='lat' dir='ltr'>enim</span> <span class='ocrx_word' id='word_1_187' title='bbox 503 1388 613 1436; x_wconf 88' lang='lat' dir='ltr'>sapientia.</span> <span class='ocrx_word' id='word_1_188' title='bbox 629 1387 697 1428; x_wconf 74' lang='lat' dir='ltr'>Amor</span> <span class='ocrx_word' id='word_1_189' title='bbox 707 1391 777 1437; x_wconf 88' lang='lat' dir='ltr'>aulem</span> <span class='ocrx_word' id='word_1_190' title='bbox 789 1389 872 1437; x_wconf 89' lang='lat' dir='ltr'>sapien-</span> 
     </span>
     <span class='ocr_line' id='line_1_20' title="bbox 89 1451 873 1503; baseline 0.001 -11"><span class='ocrx_word' id='word_1_191' title='bbox 89 1453 129 1492; x_wconf 87' lang='lat' dir='ltr'>tiae</span> <span class='ocrx_word' id='word_1_192' title='bbox 144 1464 222 1492; x_wconf 92' lang='lat' dir='ltr'>nomen</span> <span class='ocrx_word' id='word_1_193' title='bbox 239 1452 344 1493; x_wconf 85' lang='lat' dir='ltr'>Graecum</span> <span class='ocrx_word' id='word_1_194' title='bbox 360 1452 424 1492; x_wconf 89' lang='lat' dir='ltr'>habet</span> <span class='ocrx_word' id='word_1_195' title='bbox 439 1452 604 1502; x_wconf 82' lang='lat' dir='ltr'>philosophiam,</span> <span class='ocrx_word' id='word_1_196' title='bbox 620 1451 664 1503; x_wconf 86' lang='lat' dir='ltr'>quo</span> <span class='ocrx_word' id='word_1_197' title='bbox 679 1466 713 1494; x_wconf 90' lang='lat' dir='ltr'>me</span> <span class='ocrx_word' id='word_1_198' title='bbox 728 1454 873 1494; x_wconf 89' lang='lat' dir='ltr'>accendebant</span> 
     </span>
     <span class='ocr_line' id='line_1_21' title="bbox 90 1517 870 1566; baseline 0.004 -10"><span class='ocrx_word' id='word_1_199' title='bbox 90 1517 136 1557; x_wconf 88' lang='lat' dir='ltr'>illae</span> <span class='ocrx_word' id='word_1_200' title='bbox 154 1517 258 1557; x_wconf 88' lang='lat' dir='ltr'>litterae...</span> <span class='ocrx_word' id='word_1_201' title='bbox 277 1518 317 1558; x_wconf 91' lang='lat' dir='ltr'>hoc</span> <span class='ocrx_word' id='word_1_202' title='bbox 334 1520 404 1558; x_wconf 90' lang='lat' dir='ltr'>tamen</span> <span class='ocrx_word' id='word_1_203' title='bbox 422 1519 468 1558; x_wconf 92' lang='lat' dir='ltr'>solo</span> <span class='ocrx_word' id='word_1_204' title='bbox 488 1519 608 1559; x_wconf 88' lang='lat' dir='ltr'>delectabar</span> <span class='ocrx_word' id='word_1_205' title='bbox 626 1520 646 1559; x_wconf 94' lang='lat' dir='ltr'>in</span> <span class='ocrx_word' id='word_1_206' title='bbox 665 1519 699 1559; x_wconf 91' lang='lat' dir='ltr'>illa</span> <span class='ocrx_word' id='word_1_207' title='bbox 716 1519 870 1566; x_wconf 83' lang='lat' dir='ltr'>exhortatione,</span> 
     </span>
     <span class='ocr_line' id='line_1_22' title="bbox 91 1583 872 1640; baseline 0.005 -19"><span class='ocrx_word' id='word_1_208' title='bbox 91 1583 148 1631; x_wconf 93' lang='lat' dir='ltr'>quod</span> <span class='ocrx_word' id='word_1_209' title='bbox 163 1594 205 1622; x_wconf 92' lang='lat' dir='ltr'>non</span> <span class='ocrx_word' id='word_1_210' title='bbox 221 1583 277 1622; x_wconf 91' lang='lat' dir='ltr'>illam</span> <span class='ocrx_word' id='word_1_211' title='bbox 292 1585 327 1622; x_wconf 87' lang='lat' dir='ltr'>aut</span> <span class='ocrx_word' id='word_1_212' title='bbox 342 1583 398 1640; x_wconf 86' lang='lat' dir='ltr'>illam</span> <span class='ocrx_word' id='word_1_213' title='bbox 413 1586 500 1638; x_wconf 87' lang='lat' dir='ltr'>sectam,</span> <span class='ocrx_word' id='word_1_214' title='bbox 516 1584 553 1624; x_wconf 91' lang='lat' dir='ltr'>sed</span> <span class='ocrx_word' id='word_1_215' title='bbox 569 1585 636 1633; x_wconf 89' lang='lat' dir='ltr'>ipsam</span> <span class='ocrx_word' id='word_1_216' title='bbox 652 1597 800 1634; x_wconf 89' lang='lat' dir='ltr'>quaecumque</span> <span class='ocrx_word' id='word_1_217' title='bbox 817 1587 872 1625; x_wconf 89' lang='lat' dir='ltr'>esset</span> 
     </span>
     <span class='ocr_line' id='line_1_23' title="bbox 90 1648 871 1699; baseline 0.004 -12"><span class='ocrx_word' id='word_1_218' title='bbox 90 1648 213 1696; x_wconf 88' lang='lat' dir='ltr'>sapientiam</span> <span class='ocrx_word' id='word_1_219' title='bbox 229 1651 251 1688; x_wconf 91' lang='lat' dir='ltr'>ut</span> <span class='ocrx_word' id='word_1_220' title='bbox 266 1648 375 1696; x_wconf 84' lang='lat' dir='ltr'>diligerem</span> <span class='ocrx_word' id='word_1_221' title='bbox 393 1652 413 1688; x_wconf 89' lang='lat' dir='ltr'>et</span> <span class='ocrx_word' id='word_1_222' title='bbox 429 1660 552 1698; x_wconf 85' lang='lat' dir='ltr'>quaererem</span> <span class='ocrx_word' id='word_1_223' title='bbox 570 1652 591 1689; x_wconf 91' lang='lat' dir='ltr'>et</span> <span class='ocrx_word' id='word_1_224' title='bbox 605 1662 729 1699; x_wconf 86' lang='lat' dir='ltr'>assequerer</span> <span class='ocrx_word' id='word_1_225' title='bbox 743 1653 763 1690; x_wconf 92' lang='lat' dir='ltr'>et</span> <span class='ocrx_word' id='word_1_226' title='bbox 777 1653 871 1691; x_wconf 89' lang='lat' dir='ltr'>tenerem</span> 
     </span>
     <span class='ocr_line' id='line_1_24' title="bbox 91 1713 873 1761; baseline 0.005 -10"><span class='ocrx_word' id='word_1_227' title='bbox 91 1715 153 1761; x_wconf 91' lang='lat' dir='ltr'>atque</span> <span class='ocrx_word' id='word_1_228' title='bbox 167 1713 297 1761; x_wconf 87' lang='lat' dir='ltr'>amplexarer</span> <span class='ocrx_word' id='word_1_229' title='bbox 313 1713 401 1761; x_wconf 82' lang='lat' dir='ltr'>fortiter,</span> <span class='ocrx_word' id='word_1_230' title='bbox 418 1714 522 1755; x_wconf 85' lang='lat' dir='ltr'>excitabar</span> <span class='ocrx_word' id='word_1_231' title='bbox 539 1727 638 1756; x_wconf 92' lang='lat' dir='ltr'>sermone</span> <span class='ocrx_word' id='word_1_232' title='bbox 655 1716 692 1756; x_wconf 93' lang='lat' dir='ltr'>illo</span> <span class='ocrx_word' id='word_1_233' title='bbox 707 1719 727 1756; x_wconf 92' lang='lat' dir='ltr'>et</span> <span class='ocrx_word' id='word_1_234' title='bbox 742 1716 873 1757; x_wconf 87' lang='lat' dir='ltr'>accendebar</span> 
     </span>
     <span class='ocr_line' id='line_1_25' title="bbox 91 1771 871 1830; baseline 0.006 -13"><span class='ocrx_word' id='word_1_235' title='bbox 91 1780 111 1817; x_wconf 86' lang='lat' dir='ltr'>ct</span> <span class='ocrx_word' id='word_1_236' title='bbox 127 1771 238 1825; x_wconf 89' lang='lat' dir='ltr'>ardebam;</span> <span class='ocrx_word' id='word_1_237' title='bbox 257 1781 277 1818; x_wconf 89' lang='lat' dir='ltr'>et</span> <span class='ocrx_word' id='word_1_238' title='bbox 294 1778 335 1818; x_wconf 90' lang='lat' dir='ltr'>hoc</span> <span class='ocrx_word' id='word_1_239' title='bbox 351 1779 420 1819; x_wconf 92' lang='lat' dir='ltr'>solum</span> <span class='ocrx_word' id='word_1_240' title='bbox 439 1792 472 1819; x_wconf 91' lang='lat' dir='ltr'>me</span> <span class='ocrx_word' id='word_1_241' title='bbox 490 1781 510 1819; x_wconf 91' lang='lat' dir='ltr'>in</span> <span class='ocrx_word' id='word_1_242' title='bbox 528 1783 584 1821; x_wconf 88' lang='lat' dir='ltr'>tanta</span> <span class='ocrx_word' id='word_1_243' title='bbox 601 1778 711 1830; x_wconf 83' lang='lat' dir='ltr'>flagrantia</span> <span class='ocrx_word' id='word_1_244' title='bbox 730 1781 871 1830; x_wconf 86' lang='lat' dir='ltr'>refrangebat,</span> 
     </span>
    </p>
   </div>
   <div class='ocr_carea' id='block_1_5' title="bbox 33 1842 503 1890">
    <p class='ocr_par' dir='ltr' id='par_1_6' title="bbox 33 1842 503 1890">
     <span class='ocr_line' id='line_1_26' title="bbox 33 1842 503 1890; baseline 0.006 -9"><span class='ocrx_word' id='word_1_245' title='bbox 33 1859 34 1862; x_wconf 42' lang='lat'>¹</span> <span class='ocrx_word' id='word_1_246' title='bbox 91 1843 149 1890; x_wconf 90' lang='lat' dir='ltr'>quod</span> <span class='ocrx_word' id='word_1_247' title='bbox 164 1854 241 1882; x_wconf 90' lang='lat' dir='ltr'>nomen</span> <span class='ocrx_word' id='word_1_248' title='bbox 257 1842 334 1883; x_wconf 87' lang='lat' dir='ltr'>Christi</span> <span class='ocrx_word' id='word_1_249' title='bbox 350 1856 393 1883; x_wconf 94' lang='lat' dir='ltr'>non</span> <span class='ocrx_word' id='word_1_250' title='bbox 408 1847 452 1884; x_wconf 91' lang='lat' dir='ltr'>erat</span> <span class='ocrx_word' id='word_1_251' title='bbox 466 1845 503 1885; x_wconf 92' lang='lat' dir='ltr'>ibi.</span> 
     </span>
    </p>
   </div>
   <div class='ocr_carea' id='block_1_6' title="bbox 91 1906 874 2608">
    <p class='ocr_par' dir='ltr' id='par_1_7' title="bbox 91 1906 874 2608">
     <span class='ocr_line' id='line_1_27' title="bbox 146 1906 872 1961; baseline 0.011 -15"><span class='ocrx_word' id='word_1_252' title='bbox 146 1906 208 1957; x_wconf 86' lang='lat' dir='ltr'>Conf.</span> <span class='ocrx_word' id='word_1_253' title='bbox 224 1908 249 1955; x_wconf 88' lang='grc' dir='ltr'>Χ,</span> <span class='ocrx_word' id='word_1_254' title='bbox 264 1910 319 1956; x_wconf 86' lang='lat' dir='ltr'>xxvi,</span> <span class='ocrx_word' id='word_1_255' title='bbox 335 1910 372 1949; x_wconf 83' lang='lat'>37:</span> <span class='ocrx_word' id='word_1_256' title='bbox 388 1910 477 1957; x_wconf 61' lang='lat' dir='ltr'>Veritas</span> <span class='ocrx_word' id='word_1_257' title='bbox 489 1910 568 1960; x_wconf 90' lang='lat' dir='ltr'>ubique</span> <span class='ocrx_word' id='word_1_258' title='bbox 584 1913 692 1961; x_wconf 89' lang='lat' dir='ltr'>praesides</span> <span class='ocrx_word' id='word_1_259' title='bbox 707 1913 808 1961; x_wconf 89' lang='lat' dir='ltr'>omnibus</span> <span class='ocrx_word' id='word_1_260' title='bbox 822 1924 872 1953; x_wconf 89' lang='lat' dir='ltr'>con·</span> 
     </span>
     <span class='ocr_line' id='line_1_28' title="bbox 91 1971 872 2023; baseline 0.012 -13"><span class='ocrx_word' id='word_1_261' title='bbox 91 1971 207 2012; x_wconf 89' lang='lat' dir='ltr'>sulentibus</span> <span class='ocrx_word' id='word_1_262' title='bbox 217 1975 244 2019; x_wconf 87' lang='lat' dir='ltr'>te,</span> <span class='ocrx_word' id='word_1_263' title='bbox 256 1973 361 2022; x_wconf 91' lang='lat' dir='ltr'>simulque</span> <span class='ocrx_word' id='word_1_264' title='bbox 371 1975 488 2023; x_wconf 89' lang='lat' dir='ltr'>respondes</span> <span class='ocrx_word' id='word_1_265' title='bbox 499 1976 599 2016; x_wconf 90' lang='lat' dir='ltr'>omnibus</span> <span class='ocrx_word' id='word_1_266' title='bbox 610 1977 693 2017; x_wconf 90' lang='lat' dir='ltr'>diversa</span> <span class='ocrx_word' id='word_1_267' title='bbox 703 1978 872 2019; x_wconf 88' lang='lat' dir='ltr'>consulentibus.</span> 
     </span>
     <span class='ocr_line' id='line_1_29' title="bbox 92 2036 872 2098; baseline 0.012 -23"><span class='ocrx_word' id='word_1_268' title='bbox 92 2036 178 2084; x_wconf 82' lang='lat' dir='ltr'>liquide</span> <span class='ocrx_word' id='word_1_269' title='bbox 188 2040 210 2077; x_wconf 92' lang='lat' dir='ltr'>tu</span> <span class='ocrx_word' id='word_1_270' title='bbox 221 2039 344 2086; x_wconf 83' lang='lat' dir='ltr'>respondes,</span> <span class='ocrx_word' id='word_1_271' title='bbox 356 2040 393 2079; x_wconf 89' lang='lat' dir='ltr'>sed</span> <span class='ocrx_word' id='word_1_272' title='bbox 404 2051 446 2079; x_wconf 92' lang='lat' dir='ltr'>non</span> <span class='ocrx_word' id='word_1_273' title='bbox 458 2040 538 2090; x_wconf 88' lang='lat' dir='ltr'>liquide</span> <span class='ocrx_word' id='word_1_274' title='bbox 548 2053 624 2082; x_wconf 88' lang='lat' dir='ltr'>omncs</span> <span class='ocrx_word' id='word_1_275' title='bbox 639 2043 753 2098; x_wconf 82' lang='lat' dir='ltr'>audiunt...</span> <span class='ocrx_word' id='word_1_276' title='bbox 764 2044 827 2092; x_wconf 75' lang='lat' dir='ltr'>lxvii,</span> <span class='ocrx_word' id='word_1_277' title='bbox 838 2045 872 2084; x_wconf 82' lang='lat'>38.</span> 
     </span>
     <span class='ocr_line' id='line_1_30' title="bbox 92 2100 873 2158; baseline 0.013 -18"><span class='ocrx_word' id='word_1_278' title='bbox 92 2100 142 2141; x_wconf 85' lang='lat' dir='ltr'>Sero</span> <span class='ocrx_word' id='word_1_279' title='bbox 160 2105 179 2141; x_wconf 91' lang='lat' dir='ltr'>te</span> <span class='ocrx_word' id='word_1_280' title='bbox 196 2104 271 2150; x_wconf 89' lang='lat' dir='ltr'>amavi,</span> <span class='ocrx_word' id='word_1_281' title='bbox 290 2103 425 2152; x_wconf 85' lang='lat' dir='ltr'>pulchritudo</span> <span class='ocrx_word' id='word_1_282' title='bbox 444 2108 486 2146; x_wconf 89' lang='lat' dir='ltr'>tam</span> <span class='ocrx_word' id='word_1_283' title='bbox 506 2108 592 2156; x_wconf 88' lang='lat' dir='ltr'>antiqua</span> <span class='ocrx_word' id='word_1_284' title='bbox 609 2110 629 2147; x_wconf 89' lang='lat' dir='ltr'>et</span> <span class='ocrx_word' id='word_1_285' title='bbox 646 2110 688 2148; x_wconf 91' lang='lat' dir='ltr'>tam</span> <span class='ocrx_word' id='word_1_286' title='bbox 706 2120 769 2158; x_wconf 84' lang='lat' dir='ltr'>nova,</span> <span class='ocrx_word' id='word_1_287' title='bbox 787 2112 873 2150; x_wconf 79' lang='lat' dir='ltr'>seroie</span> 
     </span>
     <span class='ocr_line' id='line_1_31' title="bbox 92 2167 874 2223; baseline 0.015 -19"><span class='ocrx_word' id='word_1_288' title='bbox 92 2167 171 2206; x_wconf 86' lang='lat' dir='ltr'>amavi!</span> <span class='ocrx_word' id='word_1_289' title='bbox 188 2167 212 2206; x_wconf 80' lang='lat' dir='ltr'>Et</span> <span class='ocrx_word' id='word_1_290' title='bbox 227 2180 275 2208; x_wconf 90' lang='lat' dir='ltr'>ecce</span> <span class='ocrx_word' id='word_1_291' title='bbox 290 2169 345 2214; x_wconf 90' lang='lat' dir='ltr'>intus</span> <span class='ocrx_word' id='word_1_292' title='bbox 360 2182 412 2218; x_wconf 90' lang='lat' dir='ltr'>eras,</span> <span class='ocrx_word' id='word_1_293' title='bbox 424 2174 445 2211; x_wconf 92' lang='lat' dir='ltr'>et</span> <span class='ocrx_word' id='word_1_294' title='bbox 459 2183 500 2220; x_wconf 78' lang='lat' dir='ltr'>ego</span> <span class='ocrx_word' id='word_1_295' title='bbox 515 2172 574 2220; x_wconf 88' lang='lat' dir='ltr'>foris,</span> <span class='ocrx_word' id='word_1_296' title='bbox 591 2176 611 2213; x_wconf 80' lang='lat' dir='ltr'>eit</span> <span class='ocrx_word' id='word_1_297' title='bbox 626 2173 654 2213; x_wconf 92' lang='lat' dir='ltr'>ibi</span> <span class='ocrx_word' id='word_1_298' title='bbox 670 2176 689 2214; x_wconf 91' lang='lat' dir='ltr'>te</span> <span class='ocrx_word' id='word_1_299' title='bbox 704 2174 841 2223; x_wconf 88' lang='lat' dir='ltr'>quaerebam,</span> <span class='ocrx_word' id='word_1_300' title='bbox 853 2178 874 2216; x_wconf 91' lang='lat' dir='ltr'>et</span> 
     </span>
     <span class='ocr_line' id='line_1_32' title="bbox 92 2231 874 2288; baseline 0.015 -18"><span class='ocrx_word' id='word_1_301' title='bbox 92 2231 112 2270; x_wconf 91' lang='lat' dir='ltr'>in</span> <span class='ocrx_word' id='word_1_302' title='bbox 128 2232 165 2271; x_wconf 91' lang='lat' dir='ltr'>ista</span> <span class='ocrx_word' id='word_1_303' title='bbox 179 2231 274 2273; x_wconf 90' lang='lat' dir='ltr'>formosa</span> <span class='ocrx_word' id='word_1_304' title='bbox 289 2245 342 2283; x_wconf 88' lang='lat' dir='ltr'>quae</span> <span class='ocrx_word' id='word_1_305' title='bbox 357 2235 423 2276; x_wconf 86' lang='lat' dir='ltr'>iecisti</span> <span class='ocrx_word' id='word_1_306' title='bbox 440 2236 542 2277; x_wconf 86' lang='lat' dir='ltr'>deformis</span> <span class='ocrx_word' id='word_1_307' title='bbox 557 2238 671 2279; x_wconf 85' lang='lat' dir='ltr'>irruebam.</span> <span class='ocrx_word' id='word_1_308' title='bbox 687 2240 772 2280; x_wconf 88' lang='lat' dir='ltr'>Mecum</span> <span class='ocrx_word' id='word_1_309' title='bbox 788 2253 841 2288; x_wconf 90' lang='lat' dir='ltr'>eras,</span> <span class='ocrx_word' id='word_1_310' title='bbox 853 2244 874 2282; x_wconf 93' lang='lat' dir='ltr'>et</span> 
     </span>
     <span class='ocr_line' id='line_1_33' title="bbox 92 2299 873 2353; baseline 0.015 -19"><span class='ocrx_word' id='word_1_311' title='bbox 92 2299 160 2335; x_wconf 87' lang='lat' dir='ltr'>tecum</span> <span class='ocrx_word' id='word_1_312' title='bbox 175 2309 218 2337; x_wconf 91' lang='lat' dir='ltr'>non</span> <span class='ocrx_word' id='word_1_313' title='bbox 233 2310 298 2338; x_wconf 80' lang='lat' dir='ltr'>eram.</span> <span class='ocrx_word' id='word_1_314' title='bbox 315 2299 343 2339; x_wconf 82' lang='lat' dir='ltr'>Ea</span> <span class='ocrx_word' id='word_1_315' title='bbox 358 2312 391 2340; x_wconf 90' lang='lat' dir='ltr'>me</span> <span class='ocrx_word' id='word_1_316' title='bbox 406 2301 506 2342; x_wconf 87' lang='lat' dir='ltr'>tenebant</span> <span class='ocrx_word' id='word_1_317' title='bbox 520 2303 584 2351; x_wconf 82' lang='lat' dir='ltr'>longe</span> <span class='ocrx_word' id='word_1_318' title='bbox 597 2306 646 2351; x_wconf 87' lang='lat' dir='ltr'>ate,</span> <span class='ocrx_word' id='word_1_319' title='bbox 658 2316 712 2353; x_wconf 91' lang='lat' dir='ltr'>quae</span> <span class='ocrx_word' id='word_1_320' title='bbox 726 2307 743 2345; x_wconf 90' lang='lat' dir='ltr'>si</span> <span class='ocrx_word' id='word_1_321' title='bbox 759 2306 780 2345; x_wconf 91' lang='lat' dir='ltr'>in</span> <span class='ocrx_word' id='word_1_322' title='bbox 795 2309 815 2346; x_wconf 91' lang='lat' dir='ltr'>te</span> <span class='ocrx_word' id='word_1_323' title='bbox 830 2319 873 2347; x_wconf 92' lang='lat' dir='ltr'>non</span> 
     </span>
     <span class='ocr_line' id='line_1_34' title="bbox 92 2364 873 2418; baseline 0.015 -18"><span class='ocrx_word' id='word_1_324' title='bbox 92 2364 167 2408; x_wconf 88' lang='lat' dir='ltr'>essent,</span> <span class='ocrx_word' id='word_1_325' title='bbox 177 2374 219 2402; x_wconf 92' lang='lat' dir='ltr'>non</span> <span class='ocrx_word' id='word_1_326' title='bbox 231 2367 306 2404; x_wconf 84' lang='lat' dir='ltr'>essent.</span> <span class='ocrx_word' id='word_1_327' title='bbox 316 2365 400 2405; x_wconf 89' lang='lat' dir='ltr'>Vocasti</span> <span class='ocrx_word' id='word_1_328' title='bbox 412 2369 432 2406; x_wconf 91' lang='lat' dir='ltr'>et</span> <span class='ocrx_word' id='word_1_329' title='bbox 442 2366 535 2407; x_wconf 88' lang='lat' dir='ltr'>clamasti</span> <span class='ocrx_word' id='word_1_330' title='bbox 547 2370 567 2407; x_wconf 90' lang='lat' dir='ltr'>et</span> <span class='ocrx_word' id='word_1_331' title='bbox 577 2369 650 2418; x_wconf 91' lang='lat' dir='ltr'>rupisti</span> <span class='ocrx_word' id='word_1_332' title='bbox 662 2371 785 2411; x_wconf 88' lang='lat' dir='ltr'>surditatem</span> <span class='ocrx_word' id='word_1_333' title='bbox 795 2384 873 2412; x_wconf 90' lang='lat' dir='ltr'>meam.</span> 
     </span>
     <span class='ocr_line' id='line_1_35' title="bbox 92 2424 874 2486; baseline 0.017 -21"><span class='ocrx_word' id='word_1_334' title='bbox 92 2424 220 2475; x_wconf 83' lang='lat' dir='ltr'>Coruscasti,</span> <span class='ocrx_word' id='word_1_335' title='bbox 231 2428 355 2477; x_wconf 89' lang='lat' dir='ltr'>splenduisti</span> <span class='ocrx_word' id='word_1_336' title='bbox 371 2433 391 2470; x_wconf 91' lang='lat' dir='ltr'>et</span> <span class='ocrx_word' id='word_1_337' title='bbox 405 2431 482 2480; x_wconf 80' lang='lat' dir='ltr'>fugasti</span> <span class='ocrx_word' id='word_1_338' title='bbox 497 2434 619 2473; x_wconf 83' lang='lat' dir='ltr'>caecitatem</span> <span class='ocrx_word' id='word_1_339' title='bbox 635 2447 712 2476; x_wconf 89' lang='lat' dir='ltr'>meam.</span> <span class='ocrx_word' id='word_1_340' title='bbox 725 2436 842 2486; x_wconf 79' lang='lat' dir='ltr'>¹Fragrasti,</span> <span class='ocrx_word' id='word_1_341' title='bbox 854 2440 874 2478; x_wconf 89' lang='lat' dir='ltr'>et</span> 
     </span>
     <span class='ocr_line' id='line_1_36' title="bbox 92 2490 873 2550; baseline 0.017 -21"><span class='ocrx_word' id='word_1_342' title='bbox 92 2490 140 2530; x_wconf 89' lang='lat' dir='ltr'>duxi</span> <span class='ocrx_word' id='word_1_343' title='bbox 154 2492 251 2540; x_wconf 87' lang='lat' dir='ltr'>spiritum</span> <span class='ocrx_word' id='word_1_344' title='bbox 267 2496 287 2533; x_wconf 90' lang='lat' dir='ltr'>et</span> <span class='ocrx_word' id='word_1_345' title='bbox 301 2494 377 2534; x_wconf 88' lang='lat' dir='ltr'>anhelo</span> <span class='ocrx_word' id='word_1_346' title='bbox 393 2496 438 2536; x_wconf 91' lang='lat' dir='ltr'>tibi.</span> <span class='ocrx_word' id='word_1_347' title='bbox 454 2496 544 2537; x_wconf 83' lang='lat' dir='ltr'>Gustavi</span> <span class='ocrx_word' id='word_1_348' title='bbox 555 2501 575 2538; x_wconf 89' lang='lat' dir='ltr'>ei</span> <span class='ocrx_word' id='word_1_349' title='bbox 585 2500 656 2538; x_wconf 88' lang='lat' dir='ltr'>esurio</span> <span class='ocrx_word' id='word_1_350' title='bbox 671 2503 691 2540; x_wconf 91' lang='lat' dir='ltr'>et</span> <span class='ocrx_word' id='word_1_351' title='bbox 704 2502 761 2541; x_wconf 88' lang='lat' dir='ltr'>sitio.</span> <span class='ocrx_word' id='word_1_352' title='bbox 777 2502 873 2550; x_wconf 82' lang='lat' dir='ltr'>Tetigisti</span> 
     </span>
     <span class='ocr_line' id='line_1_37' title="bbox 92 2559 454 2608; baseline 0.017 -13"><span class='ocrx_word' id='word_1_353' title='bbox 92 2567 133 2604; x_wconf 82' lang='lat' dir='ltr'>me,</span> <span class='ocrx_word' id='word_1_354' title='bbox 149 2560 169 2596; x_wconf 88' lang='lat' dir='ltr'>et</span> <span class='ocrx_word' id='word_1_355' title='bbox 183 2560 248 2597; x_wconf 87' lang='lat' dir='ltr'>exarsi</span> <span class='ocrx_word' id='word_1_356' title='bbox 264 2559 284 2598; x_wconf 92' lang='lat' dir='ltr'>in</span> <span class='ocrx_word' id='word_1_357' title='bbox 301 2571 373 2608; x_wconf 91' lang='lat' dir='ltr'>pacem</span> <span class='ocrx_word' id='word_1_358' title='bbox 389 2563 454 2601; x_wconf 89' lang='lat' dir='ltr'>tuam.</span> 
     </span>
    </p>
   </div>
   <div class='ocr_carea' id='block_1_7' title="bbox 0 0 897 2978">
    <p class='ocr_par' dir='ltr' id='par_1_8' title="bbox 0 0 897 2978">
     <span class='ocr_line' id='line_1_38' title="bbox 0 0 897 2978; baseline 0 0"><span class='ocrx_word' id='word_1_359' title='bbox 0 0 897 2978; x_wconf 95' lang='lat' dir='ltr'> </span> 
     </span>
    </p>
   </div>
  </div>
 </body>
</html>
