<?xml version="1.0" encoding="UTF-8"?>
<!DOCTYPE html PUBLIC "-//W3C//DTD XHTML 1.0 Transitional//EN"
    "http://www.w3.org/TR/xhtml1/DTD/xhtml1-transitional.dtd">
<html xmlns="http://www.w3.org/1999/xhtml" xml:lang="en" lang="en">
 <head>
  <title>
</title>
<meta http-equiv="Content-Type" content="text/html;charset=utf-8" />
  <meta name='ocr-system' content='tesseract 3.04.00' />
  <meta name='ocr-capabilities' content='ocr_page ocr_carea ocr_par ocr_line ocrx_word'/>
</head>
<body>
  <div class='ocr_page' id='page_1' title='image "./MN41427ucmf_7_0037.png"; bbox 0 0 1768 2978; ppageno 0'>
   <div class='ocr_carea' id='block_1_1' title="bbox 248 84 804 124">
    <p class='ocr_par' dir='ltr' id='par_1_1' title="bbox 248 84 804 124">
     <span class='ocr_line' id='line_1_1' title="bbox 248 84 804 124; baseline 0.031 -8"><span class='ocrx_word' id='word_1_1' title='bbox 248 109 255 116; x_wconf 80' lang='grc'>,.</span> <span class='ocrx_word' id='word_1_2' title='bbox 305 84 325 120; x_wconf 75' lang='grc'>,4.</span> <span class='ocrx_word' id='word_1_3' title='bbox 338 104 345 111; x_wconf 88' lang='grc'>-</span> <span class='ocrx_word' id='word_1_4' title='bbox 358 93 462 122; x_wconf 79' lang='lat' dir='ltr'>novumn</span> <span class='ocrx_word' id='word_1_5' title='bbox 475 95 520 124; x_wconf 86' lang='lat' dir='ltr'>scro</span> <span class='ocrx_word' id='word_1_6' title='bbox 785 88 804 123; x_wconf 87' lang='lat'>11</span> 
     </span>
    </p>
   </div>
   <div class='ocr_carea' id='block_1_2' title="bbox 21 201 810 616">
    <p class='ocr_par' dir='ltr' id='par_1_2' title="bbox 21 201 808 313">
     <span class='ocr_line' id='line_1_2' title="bbox 74 201 808 252; baseline 0.004 -13"><span class='ocrx_word' id='word_1_7' title='bbox 74 213 94 239; x_wconf 88' lang='lat' dir='ltr'>a.</span> <span class='ocrx_word' id='word_1_8' title='bbox 106 202 154 249; x_wconf 80' lang='lat' dir='ltr'>lacit</span> <span class='ocrx_word' id='word_1_9' title='bbox 167 202 223 239; x_wconf 88' lang='lat' dir='ltr'>etiam</span> <span class='ocrx_word' id='word_1_10' title='bbox 237 201 259 238; x_wconf 84' lang='grc' dir='ltr'>Α.</span> <span class='ocrx_word' id='word_1_11' title='bbox 272 202 393 240; x_wconf 89' lang='lat' dir='ltr'>notissimum</span> <span class='ocrx_word' id='word_1_12' title='bbox 402 204 448 240; x_wconf 89' lang='lat' dir='ltr'>illud</span> <span class='ocrx_word' id='word_1_13' title='bbox 457 205 516 241; x_wconf 88' lang='lat' dir='ltr'>telum</span> <span class='ocrx_word' id='word_1_14' title='bbox 525 206 643 242; x_wconf 86' lang='lat' dir='ltr'>Stoicorum:</span> <span class='ocrx_word' id='word_1_15' title='bbox 658 207 707 252; x_wconf 83' lang='lat' dir='ltr'>«qui</span> <span class='ocrx_word' id='word_1_16' title='bbox 716 206 762 242; x_wconf 84' lang='lat' dir='ltr'>nihil</span> <span class='ocrx_word' id='word_1_17' title='bbox 776 217 808 251; x_wconf 87' lang='lat' dir='ltr'>ap·</span> 
     </span>
     <span class='ocr_line' id='line_1_3' title="bbox 21 260 370 313; baseline -0.009 -11"><span class='ocrx_word' id='word_1_18' title='bbox 21 265 94 313; x_wconf 85' lang='lat' dir='ltr'>probat,</span> <span class='ocrx_word' id='word_1_19' title='bbox 107 262 153 299; x_wconf 91' lang='lat' dir='ltr'>nihil</span> <span class='ocrx_word' id='word_1_20' title='bbox 167 262 206 309; x_wconf 85' lang='lat' dir='ltr'>agit</span> <span class='ocrx_word' id='word_1_21' title='bbox 214 276 221 291; x_wconf 83' lang='lat'>&gt;›</span> <span class='ocrx_word' id='word_1_22' title='bbox 236 260 276 308; x_wconf 80' lang='grc' dir='ltr'>(ΙΙΙ,</span> <span class='ocrx_word' id='word_1_23' title='bbox 290 273 320 307; x_wconf 87' lang='lat' dir='ltr'>xv,</span> <span class='ocrx_word' id='word_1_24' title='bbox 333 262 370 308; x_wconf 81' lang='lat'>33).</span> 
     </span>
    </p>

    <p class='ocr_par' dir='ltr' id='par_1_3' title="bbox 21 322 810 616">
     <span class='ocr_line' id='line_1_4' title="bbox 75 322 808 375; baseline 0.003 -18"><span class='ocrx_word' id='word_1_25' title='bbox 75 322 96 358; x_wconf 86' lang='lat' dir='ltr'>h.</span> <span class='ocrx_word' id='word_1_26' title='bbox 110 322 156 358; x_wconf 93' lang='lat' dir='ltr'>Non</span> <span class='ocrx_word' id='word_1_27' title='bbox 169 324 197 358; x_wconf 91' lang='lat' dir='ltr'>est</span> <span class='ocrx_word' id='word_1_28' title='bbox 209 322 262 358; x_wconf 92' lang='lat' dir='ltr'>lusus</span> <span class='ocrx_word' id='word_1_29' title='bbox 275 323 353 368; x_wconf 91' lang='lat' dir='ltr'>puerilis</span> <span class='ocrx_word' id='word_1_30' title='bbox 366 323 413 359; x_wconf 88' lang='lat' dir='ltr'>haec</span> <span class='ocrx_word' id='word_1_31' title='bbox 425 324 520 375; x_wconf 90' lang='lat' dir='ltr'>polemica</span> <span class='ocrx_word' id='word_1_32' title='bbox 531 327 596 361; x_wconf 89' lang='lat' dir='ltr'>contra</span> <span class='ocrx_word' id='word_1_33' title='bbox 606 325 738 362; x_wconf 77' lang='lat' dir='ltr'>Academicos.</span> <span class='ocrx_word' id='word_1_34' title='bbox 751 326 773 369; x_wconf 94' lang='lat' dir='ltr'>ll,</span> <span class='ocrx_word' id='word_1_35' title='bbox 783 325 808 369; x_wconf 89' lang='lat' dir='ltr'>ix,</span> 
     </span>
     <span class='ocr_line' id='line_1_5' title="bbox 21 382 808 430; baseline -0.004 -8"><span class='ocrx_word' id='word_1_36' title='bbox 21 387 53 422; x_wconf 87' lang='lat'>22:</span> <span class='ocrx_word' id='word_1_37' title='bbox 67 399 75 413; x_wconf 81' lang='grc'>«</span> <span class='ocrx_word' id='word_1_38' title='bbox 84 383 114 419; x_wconf 91' lang='lat' dir='ltr'>De</span> <span class='ocrx_word' id='word_1_39' title='bbox 127 382 164 418; x_wconf 86' lang='lat' dir='ltr'>vita</span> <span class='ocrx_word' id='word_1_40' title='bbox 173 383 243 427; x_wconf 87' lang='lat' dir='ltr'>nostra,</span> <span class='ocrx_word' id='word_1_41' title='bbox 252 382 277 418; x_wconf 93' lang='lat' dir='ltr'>de</span> <span class='ocrx_word' id='word_1_42' title='bbox 286 383 378 428; x_wconf 87' lang='lat' dir='ltr'>moribus,</span> <span class='ocrx_word' id='word_1_43' title='bbox 387 383 411 419; x_wconf 94' lang='lat' dir='ltr'>de</span> <span class='ocrx_word' id='word_1_44' title='bbox 420 383 485 419; x_wconf 91' lang='lat' dir='ltr'>animo</span> <span class='ocrx_word' id='word_1_45' title='bbox 494 395 524 420; x_wconf 87' lang='lat' dir='ltr'>tes</span> <span class='ocrx_word' id='word_1_46' title='bbox 532 385 594 430; x_wconf 85' lang='lat' dir='ltr'>agitur</span> <span class='ocrx_word' id='word_1_47' title='bbox 602 399 617 420; x_wconf 79' lang='lat'>›&gt;.</span> <span class='ocrx_word' id='word_1_48' title='bbox 631 385 669 421; x_wconf 74' lang='lat' dir='ltr'>lios</span> <span class='ocrx_word' id='word_1_49' title='bbox 683 385 747 430; x_wconf 86' lang='lat' dir='ltr'>magni</span> <span class='ocrx_word' id='word_1_50' title='bbox 759 384 808 428; x_wconf 86' lang='lat' dir='ltr'>tecit,</span> 
     </span>
     <span class='ocr_line' id='line_1_6' title="bbox 21 442 809 491; baseline -0.004 -10"><span class='ocrx_word' id='word_1_51' title='bbox 21 445 92 491; x_wconf 51' lang='lat' dir='ltr'>utpote¹</span> <span class='ocrx_word' id='word_1_52' title='bbox 100 442 209 479; x_wconf 79' lang='lat' dir='ltr'><strong>Platonicos</strong></span> <span class='ocrx_word' id='word_1_53' title='bbox 221 442 254 487; x_wconf 85' lang='lat' dir='ltr'>qui</span> <span class='ocrx_word' id='word_1_54' title='bbox 268 452 331 478; x_wconf 91' lang='lat' dir='ltr'>veram</span> <span class='ocrx_word' id='word_1_55' title='bbox 344 442 431 488; x_wconf 89' lang='lat' dir='ltr'>ipsorum</span> <span class='ocrx_word' id='word_1_56' title='bbox 440 444 553 480; x_wconf 88' lang='lat' dir='ltr'>sententiam</span> <span class='ocrx_word' id='word_1_57' title='bbox 562 444 711 487; x_wconf 88' lang='lat' dir='ltr'>dissimularent;</span> <span class='ocrx_word' id='word_1_58' title='bbox 725 445 755 488; x_wconf 86' lang='lat' dir='ltr'>lll,</span> <span class='ocrx_word' id='word_1_59' title='bbox 765 444 809 488; x_wconf 89' lang='lat' dir='ltr'>xvii,</span> 
     </span>
     <span class='ocr_line' id='line_1_7' title="bbox 21 500 809 554; baseline -0.003 -14"><span class='ocrx_word' id='word_1_60' title='bbox 21 506 39 540; x_wconf 90' lang='lat' dir='ltr'>et</span> <span class='ocrx_word' id='word_1_61' title='bbox 48 503 70 539; x_wconf 90' lang='lat' dir='ltr'>al.</span> <span class='ocrx_word' id='word_1_62' title='bbox 84 503 105 538; x_wconf 97' lang='lat' dir='ltr'>ln</span> <span class='ocrx_word' id='word_1_63' title='bbox 114 501 121 537; x_wconf 97' lang='lat' dir='ltr'>l</span> <span class='ocrx_word' id='word_1_64' title='bbox 130 501 183 546; x_wconf 82' lang='lat' dir='ltr'><em>Epis.</em></span> <span class='ocrx_word' id='word_1_65' title='bbox 192 500 225 547; x_wconf 82' lang='lat' dir='ltr'>(ad</span> <span class='ocrx_word' id='word_1_66' title='bbox 235 500 336 554; x_wconf 83' lang='lat' dir='ltr'>Hermog.)</span> <span class='ocrx_word' id='word_1_67' title='bbox 345 502 356 546; x_wconf 86' lang='lat' dir='ltr'>i,</span> <span class='ocrx_word' id='word_1_68' title='bbox 369 501 517 547; x_wconf 80' lang='lat' dir='ltr'>«Academicos,</span> <span class='ocrx_word' id='word_1_69' title='bbox 527 503 557 547; x_wconf 82' lang='lat' dir='ltr'>ait,</span> <span class='ocrx_word' id='word_1_70' title='bbox 566 514 603 549; x_wconf 86' lang='lat' dir='ltr'>ego</span> <span class='ocrx_word' id='word_1_71' title='bbox 613 514 637 538; x_wconf 88' lang='lat' dir='ltr'>ne</span> <span class='ocrx_word' id='word_1_72' title='bbox 646 503 693 539; x_wconf 88' lang='lat' dir='ltr'>inter</span> <span class='ocrx_word' id='word_1_73' title='bbox 705 502 809 549; x_wconf 85' lang='lat' dir='ltr'>jocandum</span> 
     </span>
     <span class='ocr_line' id='line_1_8' title="bbox 22 561 810 616; baseline -0.003 -17"><span class='ocrx_word' id='word_1_74' title='bbox 22 562 100 610; x_wconf 88' lang='lat' dir='ltr'>quidem</span> <span class='ocrx_word' id='word_1_75' title='bbox 113 571 199 607; x_wconf 86' lang='lat' dir='ltr'>unquam</span> <span class='ocrx_word' id='word_1_76' title='bbox 212 561 304 597; x_wconf 86' lang='lat' dir='ltr'>lacessere</span> <span class='ocrx_word' id='word_1_77' title='bbox 317 561 408 597; x_wconf 88' lang='lat' dir='ltr'>auderem</span> <span class='ocrx_word' id='word_1_78' title='bbox 415 575 430 616; x_wconf 63' lang='lat' dir='ltr'>a,</span> <span class='ocrx_word' id='word_1_79' title='bbox 439 572 497 608; x_wconf 87' lang='lat' dir='ltr'>quam</span> <span class='ocrx_word' id='word_1_80' title='bbox 507 563 572 608; x_wconf 90' lang='lat' dir='ltr'>utique</span> <span class='ocrx_word' id='word_1_81' title='bbox 585 562 730 599; x_wconf 75' lang='lat' dir='ltr'>admirationem</span> <span class='ocrx_word' id='word_1_82' title='bbox 743 564 810 608; x_wconf 86' lang='lat' dir='ltr'>postea</span> 
     </span>
    </p>
   </div>
   <div class='ocr_carea' id='block_1_3' title="bbox 21 620 863 2629">
    <p class='ocr_par' dir='ltr' id='par_1_4' title="bbox 21 620 863 965">
     <span class='ocr_line' id='line_1_9' title="bbox 22 620 810 668; baseline -0.003 -10"><span class='ocrx_word' id='word_1_83' title='bbox 22 620 145 667; x_wconf 78' lang='lat' dir='ltr'>compescuit.</span> <span class='ocrx_word' id='word_1_84' title='bbox 159 620 291 660; x_wconf 87' lang='lat' dir='ltr'>Recolendum</span> <span class='ocrx_word' id='word_1_85' title='bbox 304 622 332 657; x_wconf 92' lang='lat' dir='ltr'>est</span> <span class='ocrx_word' id='word_1_86' title='bbox 345 620 367 657; x_wconf 88' lang='grc' dir='ltr'>Α.</span> <span class='ocrx_word' id='word_1_87' title='bbox 380 632 414 657; x_wconf 91' lang='lat' dir='ltr'>eos</span> <span class='ocrx_word' id='word_1_88' title='bbox 427 621 544 667; x_wconf 83' lang='lat' dir='ltr'>aliquamdiu</span> <span class='ocrx_word' id='word_1_89' title='bbox 554 633 599 668; x_wconf 89' lang='lat' dir='ltr'>prae</span> <span class='ocrx_word' id='word_1_90' title='bbox 610 623 676 658; x_wconf 88' lang='lat' dir='ltr'>ceteris</span> <span class='ocrx_word' id='word_1_91' title='bbox 689 621 810 668; x_wconf 89' lang='lat' dir='ltr'>philosophis</span> 
     </span>
     <span class='ocr_line' id='line_1_10' title="bbox 21 680 810 728; baseline -0.004 -10"><span class='ocrx_word' id='word_1_92' title='bbox 21 680 145 728; x_wconf 86' lang='lat' dir='ltr'>approbasse.</span> <span class='ocrx_word' id='word_1_93' title='bbox 162 680 223 716; x_wconf 85' lang='lat' dir='ltr'>Porro</span> <span class='ocrx_word' id='word_1_94' title='bbox 240 680 264 715; x_wconf 92' lang='lat' dir='ltr'>ad</span> <span class='ocrx_word' id='word_1_95' title='bbox 282 680 319 716; x_wconf 92' lang='lat' dir='ltr'>hoc</span> <span class='ocrx_word' id='word_1_96' title='bbox 336 681 419 726; x_wconf 90' lang='lat' dir='ltr'>primum</span> <span class='ocrx_word' id='word_1_97' title='bbox 434 691 484 726; x_wconf 86' lang='lat' dir='ltr'>opus</span> <span class='ocrx_word' id='word_1_98' title='bbox 499 681 552 727; x_wconf 90' lang='lat' dir='ltr'>quod</span> <span class='ocrx_word' id='word_1_99' title='bbox 569 692 654 717; x_wconf 87' lang='lat' dir='ltr'>reversus</span> <span class='ocrx_word' id='word_1_100' title='bbox 667 682 691 717; x_wconf 86' lang='lat' dir='ltr'>ad</span> <span class='ocrx_word' id='word_1_101' title='bbox 706 680 810 717; x_wconf 81' lang='lat' dir='ltr'>Ecclesiam</span> 
     </span>
     <span class='ocr_line' id='line_1_11' title="bbox 22 738 863 790; baseline -0.005 -12"><span class='ocrx_word' id='word_1_102' title='bbox 22 739 100 786; x_wconf 86' lang='lat' dir='ltr'>scripsit,</span> <span class='ocrx_word' id='word_1_103' title='bbox 115 739 154 785; x_wconf 79' lang='lat' dir='ltr'>jam</span> <span class='ocrx_word' id='word_1_104' title='bbox 169 739 234 775; x_wconf 90' lang='lat' dir='ltr'>senior</span> <span class='ocrx_word' id='word_1_105' title='bbox 248 738 304 775; x_wconf 85' lang='lat' dir='ltr'>reteri</span> <span class='ocrx_word' id='word_1_106' title='bbox 318 740 408 776; x_wconf 92' lang='lat' dir='ltr'>lectorem</span> <span class='ocrx_word' id='word_1_107' title='bbox 423 742 514 785; x_wconf 90' lang='lat' dir='ltr'>tanquam</span> <span class='ocrx_word' id='word_1_108' title='bbox 530 740 554 776; x_wconf 93' lang='lat' dir='ltr'>ad</span> <span class='ocrx_word' id='word_1_109' title='bbox 568 740 703 790; x_wconf 71' lang='lat' dir='ltr'>refutationem</span> <span class='ocrx_word' id='word_1_110' title='bbox 715 740 810 776; x_wconf 90' lang='lat' dir='ltr'>victricem</span> <span class='ocrx_word' id='word_1_111' title='bbox 860 742 863 746; x_wconf 76' lang='grc'><strong><em>’</em></strong></span> 
     </span>
     <span class='ocr_line' id='line_1_12' title="bbox 22 798 811 846; baseline -0.003 -10"><span class='ocrx_word' id='word_1_112' title='bbox 22 798 159 845; x_wconf 78' lang='lat' dir='ltr'>scepticor&#39;um;</span> <span class='ocrx_word' id='word_1_113' title='bbox 172 799 203 835; x_wconf 87' lang='lat' dir='ltr'>De</span> <span class='ocrx_word' id='word_1_114' title='bbox 214 798 264 834; x_wconf 86' lang='lat' dir='ltr'>Trin.</span> <span class='ocrx_word' id='word_1_115' title='bbox 273 799 314 842; x_wconf 89' lang='lat' dir='ltr'>XV,</span> <span class='ocrx_word' id='word_1_116' title='bbox 323 811 353 844; x_wconf 88' lang='lat' dir='ltr'>xv,</span> <span class='ocrx_word' id='word_1_117' title='bbox 362 800 395 843; x_wconf 83' lang='lat'>25;</span> <span class='ocrx_word' id='word_1_118' title='bbox 408 798 484 846; x_wconf 65' lang='lat' dir='ltr'>Enclufr.</span> <span class='ocrx_word' id='word_1_119' title='bbox 494 811 526 844; x_wconf 91' lang='lat' dir='ltr'>xx,</span> <span class='ocrx_word' id='word_1_120' title='bbox 539 799 680 845; x_wconf 79' lang='lat' dir='ltr'>ubiadjimgit:</span> <span class='ocrx_word' id='word_1_121' title='bbox 696 800 733 835; x_wconf 77' lang='lat' dir='ltr'>«Et</span> <span class='ocrx_word' id='word_1_122' title='bbox 746 799 811 844; x_wconf 86' lang='lat' dir='ltr'>utique</span> 
     </span>
     <span class='ocr_line' id='line_1_13' title="bbox 22 858 811 905; baseline -0.004 -9"><span class='ocrx_word' id='word_1_123' title='bbox 22 860 82 896; x_wconf 86' lang='lat' dir='ltr'>luerat</span> <span class='ocrx_word' id='word_1_124' title='bbox 94 859 211 895; x_wconf 87' lang='lat' dir='ltr'>removenda</span> <span class='ocrx_word' id='word_1_125' title='bbox 224 858 350 895; x_wconf 88' lang='lat' dir='ltr'>inveniendae</span> <span class='ocrx_word' id='word_1_126' title='bbox 363 859 472 905; x_wconf 74' lang='lat' dir='ltr'>desperatio</span> <span class='ocrx_word' id='word_1_127' title='bbox 485 859 572 903; x_wconf 88' lang='lat' dir='ltr'>veritatis,</span> <span class='ocrx_word' id='word_1_128' title='bbox 586 870 636 905; x_wconf 89' lang='lat' dir='ltr'>quae</span> <span class='ocrx_word' id='word_1_129' title='bbox 648 859 724 895; x_wconf 86' lang='lat' dir='ltr'>illorum</span> <span class='ocrx_word' id='word_1_130' title='bbox 737 859 811 894; x_wconf 89' lang='lat' dir='ltr'>videtur</span> 
     </span>
     <span class='ocr_line' id='line_1_14' title="bbox 22 918 261 965; baseline 0 -11"><span class='ocrx_word' id='word_1_131' title='bbox 22 918 139 965; x_wconf 83' lang='lat' dir='ltr'>argumentis</span> <span class='ocrx_word' id='word_1_132' title='bbox 151 918 261 955; x_wconf 85' lang='lat' dir='ltr'>roborari».</span> 
     </span>
    </p>

    <p class='ocr_par' dir='ltr' id='par_1_5' title="bbox 22 977 817 1678">
     <span class='ocr_line' id='line_1_15' title="bbox 76 977 811 1023; baseline 0 -10"><span class='ocrx_word' id='word_1_133' title='bbox 76 986 95 1013; x_wconf 90' lang='lat' dir='ltr'>c.</span> <span class='ocrx_word' id='word_1_134' title='bbox 109 977 189 1014; x_wconf 87' lang='lat' dir='ltr'>Videtur</span> <span class='ocrx_word' id='word_1_135' title='bbox 201 977 231 1013; x_wconf 83' lang='lat' dir='ltr'>laic</span> <span class='ocrx_word' id='word_1_136' title='bbox 244 978 333 1014; x_wconf 87' lang='lat' dir='ltr'>sensibus</span> <span class='ocrx_word' id='word_1_137' title='bbox 346 978 453 1014; x_wconf 89' lang='lat' dir='ltr'>concedere</span> <span class='ocrx_word' id='word_1_138' title='bbox 461 979 545 1014; x_wconf 91' lang='lat' dir='ltr'>valorem</span> <span class='ocrx_word' id='word_1_139' title='bbox 556 978 681 1014; x_wconf 92' lang='lat' dir='ltr'>solummodo</span> <span class='ocrx_word' id='word_1_140' title='bbox 695 978 811 1023; x_wconf 87' lang='lat' dir='ltr'>phaenome-</span> 
     </span>
     <span class='ocr_line' id='line_1_16' title="bbox 23 1037 811 1083; baseline -0.001 -9"><span class='ocrx_word' id='word_1_141' title='bbox 23 1037 236 1082; x_wconf 75' lang='lat' dir='ltr'>narem-certitudinem</span> <span class='ocrx_word' id='word_1_142' title='bbox 252 1038 347 1083; x_wconf 87' lang='lat' dir='ltr'>praestant</span> <span class='ocrx_word' id='word_1_143' title='bbox 356 1037 380 1073; x_wconf 90' lang='lat' dir='ltr'>de</span> <span class='ocrx_word' id='word_1_144' title='bbox 395 1037 452 1073; x_wconf 90' lang='lat' dir='ltr'>rebus</span> <span class='ocrx_word' id='word_1_145' title='bbox 467 1048 507 1074; x_wconf 94' lang='lat' dir='ltr'>non</span> <span class='ocrx_word' id='word_1_146' title='bbox 522 1040 543 1074; x_wconf 90' lang='lat' dir='ltr'>ut</span> <span class='ocrx_word' id='word_1_147' title='bbox 557 1040 606 1082; x_wconf 91' lang='lat' dir='ltr'>sunt,</span> <span class='ocrx_word' id='word_1_148' title='bbox 619 1037 653 1073; x_wconf 86' lang='lat' dir='ltr'>sed</span> <span class='ocrx_word' id='word_1_149' title='bbox 669 1039 689 1073; x_wconf 90' lang='lat' dir='ltr'>ut</span> <span class='ocrx_word' id='word_1_150' title='bbox 703 1038 760 1074; x_wconf 87' lang='lat' dir='ltr'>nobis</span> <span class='ocrx_word' id='word_1_151' title='bbox 778 1048 811 1083; x_wconf 89' lang='lat' dir='ltr'>ap·</span> 
     </span>
     <span class='ocr_line' id='line_1_17' title="bbox 23 1090 810 1143; baseline -0.001 -10"><span class='ocrx_word' id='word_1_152' title='bbox 23 1098 97 1143; x_wconf 90' lang='lat' dir='ltr'>parent;</span> <span class='ocrx_word' id='word_1_153' title='bbox 111 1096 142 1139; x_wconf 78' lang='lat'>111,</span> <span class='ocrx_word' id='word_1_154' title='bbox 152 1097 177 1141; x_wconf 83' lang='lat' dir='ltr'>xi,</span> <span class='ocrx_word' id='word_1_155' title='bbox 186 1097 214 1133; x_wconf 80' lang='lat'>26.</span> <span class='ocrx_word' id='word_1_156' title='bbox 228 1096 258 1132; x_wconf 92' lang='lat' dir='ltr'>De</span> <span class='ocrx_word' id='word_1_157' title='bbox 271 1107 310 1142; x_wconf 89' lang='lat' dir='ltr'>qua</span> <span class='ocrx_word' id='word_1_158' title='bbox 319 1108 338 1133; x_wconf 94' lang='lat' dir='ltr'>re</span> <span class='ocrx_word' id='word_1_159' title='bbox 347 1090 419 1143; x_wconf 82' lang='lat' dir='ltr'>postea.</span> <span class='ocrx_word' id='word_1_160' title='bbox 433 1096 482 1132; x_wconf 89' lang='lat' dir='ltr'>Satis</span> <span class='ocrx_word' id='word_1_161' title='bbox 494 1097 518 1133; x_wconf 88' lang='lat' dir='ltr'>sit</span> <span class='ocrx_word' id='word_1_162' title='bbox 529 1097 559 1133; x_wconf 93' lang='lat' dir='ltr'>hic</span> <span class='ocrx_word' id='word_1_163' title='bbox 570 1097 719 1133; x_wconf 87' lang='lat' dir='ltr'>animadvertere</span> <span class='ocrx_word' id='word_1_164' title='bbox 732 1107 771 1132; x_wconf 94' lang='lat' dir='ltr'>non</span> <span class='ocrx_word' id='word_1_165' title='bbox 784 1097 810 1132; x_wconf 94' lang='lat' dir='ltr'>ibi</span> 
     </span>
     <span class='ocr_line' id='line_1_18' title="bbox 23 1156 811 1202; baseline 0 -10"><span class='ocrx_word' id='word_1_166' title='bbox 23 1167 64 1192; x_wconf 89' lang='lat' dir='ltr'>esse</span> <span class='ocrx_word' id='word_1_167' title='bbox 77 1166 141 1192; x_wconf 88' lang='lat' dir='ltr'>veram</span> <span class='ocrx_word' id='word_1_168' title='bbox 154 1156 293 1202; x_wconf 90' lang='lat' dir='ltr'>quaestionem.</span> <span class='ocrx_word' id='word_1_169' title='bbox 308 1156 425 1202; x_wconf 80' lang='lat' dir='ltr'>«Quidquid</span> <span class='ocrx_word' id='word_1_170' title='bbox 439 1156 489 1192; x_wconf 91' lang='lat' dir='ltr'>enim</span> <span class='ocrx_word' id='word_1_171' title='bbox 505 1158 571 1192; x_wconf 89' lang='lat' dir='ltr'>contra</span> <span class='ocrx_word' id='word_1_172' title='bbox 585 1167 653 1192; x_wconf 90' lang='lat' dir='ltr'>sensus</span> <span class='ocrx_word' id='word_1_173' title='bbox 668 1157 691 1192; x_wconf 89' lang='lat' dir='ltr'>ab</span> <span class='ocrx_word' id='word_1_174' title='bbox 707 1157 734 1192; x_wconf 92' lang='lat' dir='ltr'>eis</span> <span class='ocrx_word' id='word_1_175' title='bbox 747 1156 811 1201; x_wconf 89' lang='lat' dir='ltr'>dispu-</span> 
     </span>
     <span class='ocr_line' id='line_1_19' title="bbox 22 1215 810 1262; baseline -0.001 -10"><span class='ocrx_word' id='word_1_176' title='bbox 22 1217 76 1260; x_wconf 87' lang='lat' dir='ltr'>tatur,</span> <span class='ocrx_word' id='word_1_177' title='bbox 90 1226 129 1251; x_wconf 92' lang='lat' dir='ltr'>non</span> <span class='ocrx_word' id='word_1_178' title='bbox 143 1217 209 1252; x_wconf 88' lang='lat' dir='ltr'>contra</span> <span class='ocrx_word' id='word_1_179' title='bbox 223 1226 292 1251; x_wconf 91' lang='lat' dir='ltr'>omnes</span> <span class='ocrx_word' id='word_1_180' title='bbox 305 1216 434 1261; x_wconf 87' lang='lat' dir='ltr'>philosophos</span> <span class='ocrx_word' id='word_1_181' title='bbox 447 1215 501 1252; x_wconf 89' lang='lat' dir='ltr'>valet.</span> <span class='ocrx_word' id='word_1_182' title='bbox 514 1216 562 1253; x_wconf 86' lang='lat' dir='ltr'>Sunt</span> <span class='ocrx_word' id='word_1_183' title='bbox 577 1216 628 1251; x_wconf 89' lang='lat' dir='ltr'>enim</span> <span class='ocrx_word' id='word_1_184' title='bbox 643 1216 676 1262; x_wconf 92' lang='lat' dir='ltr'>qui</span> <span class='ocrx_word' id='word_1_185' title='bbox 691 1216 726 1252; x_wconf 90' lang='lat' dir='ltr'>ista</span> <span class='ocrx_word' id='word_1_186' title='bbox 740 1215 810 1259; x_wconf 86' lang='lat' dir='ltr'>omnia,</span> 
     </span>
     <span class='ocr_line' id='line_1_20' title="bbox 23 1264 810 1321; baseline -0.001 -10"><span class='ocrx_word' id='word_1_187' title='bbox 23 1286 72 1321; x_wconf 90' lang='lat' dir='ltr'>quae</span> <span class='ocrx_word' id='word_1_188' title='bbox 81 1276 167 1321; x_wconf 89' lang='lat' dir='ltr'>corporis</span> <span class='ocrx_word' id='word_1_189' title='bbox 176 1286 234 1312; x_wconf 90' lang='lat' dir='ltr'>sensu</span> <span class='ocrx_word' id='word_1_190' title='bbox 243 1275 311 1321; x_wconf 88' lang='lat' dir='ltr'>accipit</span> <span class='ocrx_word' id='word_1_191' title='bbox 320 1275 400 1320; x_wconf 87' lang='lat' dir='ltr'>animus,</span> <span class='ocrx_word' id='word_1_192' title='bbox 410 1264 522 1321; x_wconf 82' lang='lat' dir='ltr'>opinionem</span> <span class='ocrx_word' id='word_1_193' title='bbox 532 1286 589 1321; x_wconf 91' lang='lat' dir='ltr'>posse</span> <span class='ocrx_word' id='word_1_194' title='bbox 601 1275 679 1321; x_wconf 78' lang='lat' dir='ltr'>gignere</span> <span class='ocrx_word' id='word_1_195' title='bbox 692 1275 810 1316; x_wconf 80' lang='lat' dir='ltr'>coniitentur,</span> 
     </span>
     <span class='ocr_line' id='line_1_21' title="bbox 23 1335 810 1381; baseline -0.001 -10"><span class='ocrx_word' id='word_1_196' title='bbox 23 1335 120 1371; x_wconf 90' lang='lat' dir='ltr'>scientiam</span> <span class='ocrx_word' id='word_1_197' title='bbox 133 1346 179 1371; x_wconf 91' lang='lat' dir='ltr'>vero</span> <span class='ocrx_word' id='word_1_198' title='bbox 188 1336 268 1381; x_wconf 86' lang='lat' dir='ltr'>negant;</span> <span class='ocrx_word' id='word_1_199' title='bbox 282 1345 340 1380; x_wconf 87' lang='lat' dir='ltr'>quam</span> <span class='ocrx_word' id='word_1_200' title='bbox 352 1337 416 1371; x_wconf 91' lang='lat' dir='ltr'>tamen</span> <span class='ocrx_word' id='word_1_201' title='bbox 429 1335 496 1371; x_wconf 92' lang='lat' dir='ltr'>volunt</span> <span class='ocrx_word' id='word_1_202' title='bbox 508 1335 631 1381; x_wconf 82' lang='lat' dir='ltr'>intelligentia</span> <span class='ocrx_word' id='word_1_203' title='bbox 642 1335 739 1379; x_wconf 87' lang='lat' dir='ltr'>contineri,</span> <span class='ocrx_word' id='word_1_204' title='bbox 749 1345 810 1370; x_wconf 92' lang='lat' dir='ltr'>remo-</span> 
     </span>
     <span class='ocr_line' id='line_1_22' title="bbox 23 1393 817 1440; baseline 0 -11"><span class='ocrx_word' id='word_1_205' title='bbox 23 1395 101 1440; x_wconf 88' lang='lat' dir='ltr'>tamque</span> <span class='ocrx_word' id='word_1_206' title='bbox 116 1405 127 1430; x_wconf 93' lang='lat' dir='ltr'>a</span> <span class='ocrx_word' id='word_1_207' title='bbox 141 1394 230 1431; x_wconf 88' lang='lat' dir='ltr'>sensibus</span> <span class='ocrx_word' id='word_1_208' title='bbox 246 1394 266 1430; x_wconf 92' lang='lat' dir='ltr'>in</span> <span class='ocrx_word' id='word_1_209' title='bbox 284 1396 347 1431; x_wconf 91' lang='lat' dir='ltr'>mente</span> <span class='ocrx_word' id='word_1_210' title='bbox 364 1395 450 1430; x_wconf 79' lang='lat' dir='ltr'>vivere».</span> <span class='ocrx_word' id='word_1_211' title='bbox 462 1395 543 1431; x_wconf 87' lang='lat' dir='ltr'>Valeant</span> <span class='ocrx_word' id='word_1_212' title='bbox 559 1394 609 1430; x_wconf 90' lang='lat' dir='ltr'>dicta</span> <span class='ocrx_word' id='word_1_213' title='bbox 625 1393 729 1430; x_wconf 88' lang='lat' dir='ltr'>Carneadis</span> <span class='ocrx_word' id='word_1_214' title='bbox 745 1395 817 1430; x_wconf 90' lang='lat' dir='ltr'>contra·</span> 
     </span>
     <span class='ocr_line' id='line_1_23' title="bbox 24 1453 811 1500; baseline 0 -12"><span class='ocrx_word' id='word_1_215' title='bbox 24 1453 138 1489; x_wconf 86' lang='lat' dir='ltr'>sensismum</span> <span class='ocrx_word' id='word_1_216' title='bbox 156 1454 264 1490; x_wconf 90' lang='lat' dir='ltr'>Stoicorum</span> <span class='ocrx_word' id='word_1_217' title='bbox 281 1455 299 1489; x_wconf 91' lang='lat' dir='ltr'>et</span> <span class='ocrx_word' id='word_1_218' title='bbox 316 1454 464 1500; x_wconf 66' lang='lat' dir='ltr'>Epicureorum,</span> <span class='ocrx_word' id='word_1_219' title='bbox 481 1465 536 1490; x_wconf 87' lang='lat' dir='ltr'>veros</span> <span class='ocrx_word' id='word_1_220' title='bbox 555 1453 663 1490; x_wconf 83' lang='lat' dir='ltr'>Platonicos</span> <span class='ocrx_word' id='word_1_221' title='bbox 680 1465 720 1490; x_wconf 89' lang='lat' dir='ltr'>non</span> <span class='ocrx_word' id='word_1_222' title='bbox 736 1453 811 1489; x_wconf 78' lang='lat' dir='ltr'>feriunt.</span> 
     </span>
     <span class='ocr_line' id='line_1_24' title="bbox 25 1512 811 1561; baseline 0 -13"><span class='ocrx_word' id='word_1_223' title='bbox 25 1512 98 1561; x_wconf 83' lang='lat' dir='ltr'>Retutat</span> <span class='ocrx_word' id='word_1_224' title='bbox 112 1513 164 1549; x_wconf 90' lang='lat' dir='ltr'>enim</span> <span class='ocrx_word' id='word_1_225' title='bbox 179 1513 201 1549; x_wconf 88' lang='grc' dir='ltr'>Α.</span> <span class='ocrx_word' id='word_1_226' title='bbox 216 1513 344 1550; x_wconf 82' lang='lat' dir='ltr'>Academicos</span> <span class='ocrx_word' id='word_1_227' title='bbox 359 1513 481 1554; x_wconf 83' lang='lat' dir='ltr'>ostendendo</span> <span class='ocrx_word' id='word_1_228' title='bbox 498 1525 534 1549; x_wconf 90' lang='lat' dir='ltr'>nos</span> <span class='ocrx_word' id='word_1_229' title='bbox 549 1513 619 1549; x_wconf 89' lang='lat' dir='ltr'>habere</span> <span class='ocrx_word' id='word_1_230' title='bbox 636 1513 714 1549; x_wconf 91' lang='lat' dir='ltr'>intuitus</span> <span class='ocrx_word' id='word_1_231' title='bbox 729 1512 811 1548; x_wconf 88' lang='lat' dir='ltr'>intellec·</span> 
     </span>
     <span class='ocr_line' id='line_1_25' title="bbox 23 1571 812 1619; baseline -0.001 -11"><span class='ocrx_word' id='word_1_232' title='bbox 23 1572 83 1608; x_wconf 88' lang='lat' dir='ltr'>tuales</span> <span class='ocrx_word' id='word_1_233' title='bbox 95 1572 183 1609; x_wconf 91' lang='lat' dir='ltr'>veritatis.</span> <span class='ocrx_word' id='word_1_234' title='bbox 197 1573 226 1609; x_wconf 92' lang='lat' dir='ltr'>De</span> <span class='ocrx_word' id='word_1_235' title='bbox 234 1574 275 1609; x_wconf 91' lang='lat' dir='ltr'>tota</span> <span class='ocrx_word' id='word_1_236' title='bbox 284 1573 319 1609; x_wconf 90' lang='lat' dir='ltr'>hac</span> <span class='ocrx_word' id='word_1_237' title='bbox 328 1573 457 1619; x_wconf 88' lang='lat' dir='ltr'>disputatione</span> <span class='ocrx_word' id='word_1_238' title='bbox 470 1573 493 1609; x_wconf 89' lang='lat' dir='ltr'>ci.</span> <span class='ocrx_word' id='word_1_239' title='bbox 503 1573 580 1616; x_wconf 75' lang='lat' dir='ltr'>Bovria,</span> <span class='ocrx_word' id='word_1_240' title='bbox 589 1572 654 1608; x_wconf 83' lang='lat' dir='ltr'>L&#39;ide&#39;e</span> <span class='ocrx_word' id='word_1_241' title='bbox 665 1573 689 1608; x_wconf 82' lang='lat' dir='ltr'>de</span> <span class='ocrx_word' id='word_1_242' title='bbox 701 1572 758 1608; x_wconf 66' lang='lat' dir='ltr'>ve&#39;rr&#39;td</span> <span class='ocrx_word' id='word_1_243' title='bbox 768 1571 812 1608; x_wconf 71' lang='lat' dir='ltr'>caaz</span> 
     </span>
     <span class='ocr_line' id='line_1_26' title="bbox 25 1630 190 1678; baseline 0.006 -11"><span class='ocrx_word' id='word_1_244' title='bbox 25 1631 44 1667; x_wconf 87' lang='lat' dir='ltr'>S.</span> <span class='ocrx_word' id='word_1_245' title='bbox 57 1630 114 1678; x_wconf 74' lang='lat' dir='ltr'>Aug,</span> <span class='ocrx_word' id='word_1_246' title='bbox 128 1630 164 1669; x_wconf 89' lang='lat' dir='ltr'>Ch.</span> <span class='ocrx_word' id='word_1_247' title='bbox 177 1632 190 1668; x_wconf 91' lang='lat' dir='ltr'>l.</span> 
     </span>
    </p>

    <p class='ocr_par' dir='ltr' id='par_1_6' title="bbox 23 1688 852 2629">
     <span class='ocr_line' id='line_1_27' title="bbox 77 1688 811 1738; baseline -0.001 -12"><span class='ocrx_word' id='word_1_248' title='bbox 77 1688 99 1726; x_wconf 92' lang='lat' dir='ltr'>d.</span> <span class='ocrx_word' id='word_1_249' title='bbox 112 1691 133 1727; x_wconf 89' lang='lat' dir='ltr'>In</span> <span class='ocrx_word' id='word_1_250' title='bbox 143 1691 196 1729; x_wconf 75' lang='lat' dir='ltr'>Solii.</span> <span class='ocrx_word' id='word_1_251' title='bbox 205 1694 233 1728; x_wconf 87' lang='lat' dir='ltr'>ter</span> <span class='ocrx_word' id='word_1_252' title='bbox 241 1691 319 1729; x_wconf 87' lang='lat' dir='ltr'>adducit</span> <span class='ocrx_word' id='word_1_253' title='bbox 327 1693 461 1738; x_wconf 86' lang='lat' dir='ltr'>argumentum</span> <span class='ocrx_word' id='word_1_254' title='bbox 471 1692 524 1737; x_wconf 87' lang='lat' dir='ltr'>quod</span> <span class='ocrx_word' id='word_1_255' title='bbox 533 1691 624 1737; x_wconf 88' lang='lat' dir='ltr'>sequitur,</span> <span class='ocrx_word' id='word_1_256' title='bbox 632 1691 656 1727; x_wconf 87' lang='lat' dir='ltr'>ad</span> <span class='ocrx_word' id='word_1_257' title='bbox 666 1690 811 1727; x_wconf 89' lang='lat' dir='ltr'>monstrandum</span> 
     </span>
     <span class='ocr_line' id='line_1_28' title="bbox 23 1749 811 1797; baseline 0 -12"><span class='ocrx_word' id='word_1_258' title='bbox 23 1749 119 1786; x_wconf 93' lang='lat' dir='ltr'>veritatem</span> <span class='ocrx_word' id='word_1_259' title='bbox 129 1751 190 1796; x_wconf 88' lang='lat' dir='ltr'>perire</span> <span class='ocrx_word' id='word_1_260' title='bbox 199 1762 238 1787; x_wconf 93' lang='lat' dir='ltr'>non</span> <span class='ocrx_word' id='word_1_261' title='bbox 248 1762 316 1797; x_wconf 88' lang='lat' dir='ltr'>posse:</span> <span class='ocrx_word' id='word_1_262' title='bbox 331 1751 369 1790; x_wconf 72' lang='lat' dir='ltr'>«R.</span> <span class='ocrx_word' id='word_1_263' title='bbox 383 1751 401 1787; x_wconf 89' lang='lat' dir='ltr'>Si</span> <span class='ocrx_word' id='word_1_264' title='bbox 415 1750 500 1787; x_wconf 90' lang='lat' dir='ltr'>manebit</span> <span class='ocrx_word' id='word_1_265' title='bbox 512 1761 588 1796; x_wconf 88' lang='lat' dir='ltr'>semper</span> <span class='ocrx_word' id='word_1_266' title='bbox 601 1751 684 1786; x_wconf 86' lang='lat' dir='ltr'>mundus</span> <span class='ocrx_word' id='word_1_267' title='bbox 697 1750 737 1794; x_wconf 90' lang='lat' dir='ltr'>iste,</span> <span class='ocrx_word' id='word_1_268' title='bbox 746 1760 811 1785; x_wconf 87' lang='lat' dir='ltr'>verum</span> 
     </span>
     <span class='ocr_line' id='line_1_29' title="bbox 24 1808 813 1857; baseline -0.001 -13"><span class='ocrx_word' id='word_1_269' title='bbox 24 1810 52 1844; x_wconf 90' lang='lat' dir='ltr'>est</span> <span class='ocrx_word' id='word_1_270' title='bbox 65 1809 159 1846; x_wconf 91' lang='lat' dir='ltr'>mundum</span> <span class='ocrx_word' id='word_1_271' title='bbox 172 1821 249 1857; x_wconf 91' lang='lat' dir='ltr'>semper</span> <span class='ocrx_word' id='word_1_272' title='bbox 261 1821 373 1846; x_wconf 90' lang='lat' dir='ltr'>mansurum</span> <span class='ocrx_word' id='word_1_273' title='bbox 387 1809 442 1846; x_wconf 84' lang='lat' dir='ltr'>esse?</span> <span class='ocrx_word' id='word_1_274' title='bbox 456 1809 478 1845; x_wconf 86' lang='grc' dir='ltr'>Α.</span> <span class='ocrx_word' id='word_1_275' title='bbox 491 1810 541 1852; x_wconf 89' lang='lat' dir='ltr'>Quis</span> <span class='ocrx_word' id='word_1_276' title='bbox 554 1810 591 1846; x_wconf 92' lang='lat' dir='ltr'>hoc</span> <span class='ocrx_word' id='word_1_277' title='bbox 604 1809 683 1846; x_wconf 90' lang='lat' dir='ltr'>dubitet.</span> <span class='ocrx_word' id='word_1_278' title='bbox 697 1809 718 1848; x_wconf 85' lang='lat' dir='ltr'>R.</span> <span class='ocrx_word' id='word_1_279' title='bbox 731 1808 783 1851; x_wconf 90' lang='lat' dir='ltr'>Quid</span> <span class='ocrx_word' id='word_1_280' title='bbox 797 1808 813 1844; x_wconf 92' lang='lat' dir='ltr'>si</span> 
     </span>
     <span class='ocr_line' id='line_1_30' title="bbox 24 1864 813 1906; baseline -0.001 -3"><span class='ocrx_word' id='word_1_281' title='bbox 24 1879 63 1904; x_wconf 93' lang='lat' dir='ltr'>non</span> <span class='ocrx_word' id='word_1_282' title='bbox 79 1870 198 1906; x_wconf 80' lang='lat' dir='ltr'>remanebit?</span> <span class='ocrx_word' id='word_1_283' title='bbox 215 1880 280 1906; x_wconf 89' lang='lat' dir='ltr'>nonne</span> <span class='ocrx_word' id='word_1_284' title='bbox 295 1869 320 1906; x_wconf 90' lang='lat' dir='ltr'>ita</span> <span class='ocrx_word' id='word_1_285' title='bbox 337 1881 403 1906; x_wconf 91' lang='lat' dir='ltr'>verum</span> <span class='ocrx_word' id='word_1_286' title='bbox 418 1864 449 1905; x_wconf 86' lang='lat' dir='ltr'>est</span> <span class='ocrx_word' id='word_1_287' title='bbox 461 1869 555 1906; x_wconf 89' lang='lat' dir='ltr'>mundum</span> <span class='ocrx_word' id='word_1_288' title='bbox 573 1880 612 1905; x_wconf 93' lang='lat' dir='ltr'>non</span> <span class='ocrx_word' id='word_1_289' title='bbox 629 1879 671 1905; x_wconf 85' lang='lat' dir='ltr'>esse</span> <span class='ocrx_word' id='word_1_290' title='bbox 688 1867 813 1904; x_wconf 81' lang='lat' dir='ltr'>mansurum?</span> 
     </span>
     <span class='ocr_line' id='line_1_31' title="bbox 25 1927 814 1973; baseline 0 -10"><span class='ocrx_word' id='word_1_291' title='bbox 25 1927 46 1963; x_wconf 84' lang='grc' dir='ltr'>Α.</span> <span class='ocrx_word' id='word_1_292' title='bbox 60 1928 112 1964; x_wconf 90' lang='lat' dir='ltr'>Nilril</span> <span class='ocrx_word' id='word_1_293' title='bbox 126 1930 199 1966; x_wconf 88' lang='lat' dir='ltr'>resisto.</span> <span class='ocrx_word' id='word_1_294' title='bbox 216 1929 236 1969; x_wconf 82' lang='lat' dir='ltr'>R.</span> <span class='ocrx_word' id='word_1_295' title='bbox 249 1927 302 1971; x_wconf 83' lang='lat' dir='ltr'>Quid</span> <span class='ocrx_word' id='word_1_296' title='bbox 317 1941 361 1966; x_wconf 88' lang='lat' dir='ltr'>cum</span> <span class='ocrx_word' id='word_1_297' title='bbox 376 1929 471 1973; x_wconf 91' lang='lat' dir='ltr'>interierit,</span> <span class='ocrx_word' id='word_1_298' title='bbox 485 1929 500 1965; x_wconf 93' lang='lat' dir='ltr'>si</span> <span class='ocrx_word' id='word_1_299' title='bbox 513 1929 621 1965; x_wconf 88' lang='lat' dir='ltr'>interiturus</span> <span class='ocrx_word' id='word_1_300' title='bbox 634 1928 676 1964; x_wconf 89' lang='lat' dir='ltr'>est?</span> <span class='ocrx_word' id='word_1_301' title='bbox 691 1939 756 1964; x_wconf 91' lang='lat' dir='ltr'>nonne</span> <span class='ocrx_word' id='word_1_302' title='bbox 768 1930 814 1963; x_wconf 89' lang='lat' dir='ltr'>tunc</span> 
     </span>
     <span class='ocr_line' id='line_1_32' title="bbox 24 1986 813 2033; baseline -0.001 -11"><span class='ocrx_word' id='word_1_303' title='bbox 24 1986 42 2022; x_wconf 91' lang='lat' dir='ltr'>id</span> <span class='ocrx_word' id='word_1_304' title='bbox 56 1987 90 2023; x_wconf 86' lang='lat' dir='ltr'>erit</span> <span class='ocrx_word' id='word_1_305' title='bbox 103 1998 174 2033; x_wconf 89' lang='lat' dir='ltr'>verum,</span> <span class='ocrx_word' id='word_1_306' title='bbox 184 1989 278 2025; x_wconf 91' lang='lat' dir='ltr'>mundum</span> <span class='ocrx_word' id='word_1_307' title='bbox 288 1988 413 2025; x_wconf 86' lang='lat' dir='ltr'>interiisse?...</span> <span class='ocrx_word' id='word_1_308' title='bbox 426 1988 449 2023; x_wconf 87' lang='grc' dir='ltr'>Α.</span> <span class='ocrx_word' id='word_1_309' title='bbox 463 1988 486 2023; x_wconf 79' lang='lat' dir='ltr'>Et</span> <span class='ocrx_word' id='word_1_310' title='bbox 498 1989 535 2024; x_wconf 87' lang='lat' dir='ltr'>lroc</span> <span class='ocrx_word' id='word_1_311' title='bbox 548 1988 641 2024; x_wconf 91' lang='lat' dir='ltr'>concedo.</span> <span class='ocrx_word' id='word_1_312' title='bbox 655 1988 675 2026; x_wconf 70' lang='lat' dir='ltr'>R⁴</span> <span class='ocrx_word' id='word_1_313' title='bbox 689 1987 741 2029; x_wconf 89' lang='lat' dir='ltr'>Quid</span> <span class='ocrx_word' id='word_1_314' title='bbox 754 1986 813 2022; x_wconf 85' lang='lat' dir='ltr'>illud?</span> 
     </span>
     <span class='ocr_line' id='line_1_33' title="bbox 23 2045 814 2093; baseline -0.001 -11"><span class='ocrx_word' id='word_1_315' title='bbox 23 2045 128 2083; x_wconf 90' lang='lat' dir='ltr'>Videtume</span> <span class='ocrx_word' id='word_1_316' title='bbox 142 2048 176 2085; x_wconf 93' lang='lat' dir='ltr'>tibi</span> <span class='ocrx_word' id='word_1_317' title='bbox 191 2059 257 2084; x_wconf 88' lang='lat' dir='ltr'>verum</span> <span class='ocrx_word' id='word_1_318' title='bbox 272 2048 344 2093; x_wconf 87' lang='lat' dir='ltr'>aliquid</span> <span class='ocrx_word' id='word_1_319' title='bbox 359 2059 401 2084; x_wconf 87' lang='lat' dir='ltr'>esse</span> <span class='ocrx_word' id='word_1_320' title='bbox 417 2058 480 2093; x_wconf 89' lang='lat' dir='ltr'>posse,</span> <span class='ocrx_word' id='word_1_321' title='bbox 494 2050 514 2084; x_wconf 91' lang='lat' dir='ltr'>ut</span> <span class='ocrx_word' id='word_1_322' title='bbox 528 2047 596 2083; x_wconf 90' lang='lat' dir='ltr'>veritas</span> <span class='ocrx_word' id='word_1_323' title='bbox 612 2047 701 2083; x_wconf 85' lang='lat' dir='ltr'>nonsit?</span> <span class='ocrx_word' id='word_1_324' title='bbox 719 2046 741 2082; x_wconf 85' lang='grc' dir='ltr'>Α.</span> <span class='ocrx_word' id='word_1_325' title='bbox 755 2046 814 2081; x_wconf 91' lang='lat' dir='ltr'>Nullo</span> 
     </span>
     <span class='ocr_line' id='line_1_34' title="bbox 25 2105 813 2153; baseline 0 -13"><span class='ocrx_word' id='word_1_326' title='bbox 25 2105 90 2141; x_wconf 92' lang='lat' dir='ltr'>modo.</span> <span class='ocrx_word' id='word_1_327' title='bbox 108 2106 128 2145; x_wconf 83' lang='lat' dir='ltr'>R.</span> <span class='ocrx_word' id='word_1_328' title='bbox 142 2107 180 2143; x_wconf 82' lang='lat' dir='ltr'>Erit</span> <span class='ocrx_word' id='word_1_329' title='bbox 194 2107 252 2153; x_wconf 86' lang='lat' dir='ltr'>igitur</span> <span class='ocrx_word' id='word_1_330' title='bbox 265 2107 340 2151; x_wconf 86' lang='lat' dir='ltr'>veritas,</span> <span class='ocrx_word' id='word_1_331' title='bbox 355 2107 428 2143; x_wconf 90' lang='lat' dir='ltr'>etiamsi</span> <span class='ocrx_word' id='word_1_332' title='bbox 444 2107 528 2143; x_wconf 90' lang='lat' dir='ltr'>mundus</span> <span class='ocrx_word' id='word_1_333' title='bbox 543 2106 628 2142; x_wconf 92' lang='lat' dir='ltr'>intereat.</span> <span class='ocrx_word' id='word_1_334' title='bbox 645 2105 667 2141; x_wconf 84' lang='grc' dir='ltr'>Α.</span> <span class='ocrx_word' id='word_1_335' title='bbox 684 2106 759 2151; x_wconf 85' lang='lat' dir='ltr'>Negare</span> <span class='ocrx_word' id='word_1_336' title='bbox 774 2116 813 2140; x_wconf 91' lang='lat' dir='ltr'>non</span> 
     </span>
     <span class='ocr_line' id='line_1_35' title="bbox 25 2161 852 2212; baseline 0.001 -13"><span class='ocrx_word' id='word_1_337' title='bbox 25 2173 110 2208; x_wconf 90' lang='lat' dir='ltr'>possum.</span> <span class='ocrx_word' id='word_1_338' title='bbox 128 2166 149 2205; x_wconf 80' lang='lat' dir='ltr'>R.</span> <span class='ocrx_word' id='word_1_339' title='bbox 164 2161 216 2209; x_wconf 73' lang='lat' dir='ltr'>Quid</span> <span class='ocrx_word' id='word_1_340' title='bbox 232 2167 247 2202; x_wconf 95' lang='lat' dir='ltr'>si</span> <span class='ocrx_word' id='word_1_341' title='bbox 263 2166 330 2203; x_wconf 88' lang='lat' dir='ltr'>veritas</span> <span class='ocrx_word' id='word_1_342' title='bbox 346 2167 388 2212; x_wconf 91' lang='lat' dir='ltr'>ipsa</span> <span class='ocrx_word' id='word_1_343' title='bbox 402 2165 490 2202; x_wconf 87' lang='lat' dir='ltr'>occidat?</span> <span class='ocrx_word' id='word_1_344' title='bbox 507 2176 573 2202; x_wconf 89' lang='lat' dir='ltr'>nonne</span> <span class='ocrx_word' id='word_1_345' title='bbox 588 2176 654 2201; x_wconf 89' lang='lat' dir='ltr'>verum</span> <span class='ocrx_word' id='word_1_346' title='bbox 669 2165 703 2201; x_wconf 90' lang='lat' dir='ltr'>erit</span> <span class='ocrx_word' id='word_1_347' title='bbox 717 2165 814 2201; x_wconf 89' lang='lat' dir='ltr'>veritatem</span> <span class='ocrx_word' id='word_1_348' title='bbox 849 2204 852 2207; x_wconf 62' lang='grc'><em>,</em></span> 
     </span>
     <span class='ocr_line' id='line_1_36' title="bbox 25 2224 814 2272; baseline 0.001 -13"><span class='ocrx_word' id='word_1_349' title='bbox 25 2224 130 2261; x_wconf 85' lang='lat' dir='ltr'>occidisse?</span> <span class='ocrx_word' id='word_1_350' title='bbox 144 2226 166 2263; x_wconf 87' lang='grc' dir='ltr'>Α.</span> <span class='ocrx_word' id='word_1_351' title='bbox 180 2227 202 2263; x_wconf 84' lang='lat' dir='ltr'>Et</span> <span class='ocrx_word' id='word_1_352' title='bbox 215 2226 266 2263; x_wconf 91' lang='lat' dir='ltr'>istud</span> <span class='ocrx_word' id='word_1_353' title='bbox 279 2226 322 2272; x_wconf 84' lang='lat' dir='ltr'>quis</span> <span class='ocrx_word' id='word_1_354' title='bbox 335 2226 404 2271; x_wconf 84' lang='lat' dir='ltr'>negat?</span> <span class='ocrx_word' id='word_1_355' title='bbox 420 2226 440 2265; x_wconf 83' lang='lat' dir='ltr'>R.</span> <span class='ocrx_word' id='word_1_356' title='bbox 453 2226 524 2262; x_wconf 89' lang='lat' dir='ltr'>Verum</span> <span class='ocrx_word' id='word_1_357' title='bbox 537 2227 601 2261; x_wconf 89' lang='lat' dir='ltr'>autem</span> <span class='ocrx_word' id='word_1_358' title='bbox 614 2236 653 2260; x_wconf 93' lang='lat' dir='ltr'>non</span> <span class='ocrx_word' id='word_1_359' title='bbox 667 2227 730 2271; x_wconf 85' lang='lat' dir='ltr'>potest</span> <span class='ocrx_word' id='word_1_360' title='bbox 742 2235 790 2269; x_wconf 87' lang='lat' dir='ltr'>esse,</span> <span class='ocrx_word' id='word_1_361' title='bbox 799 2224 814 2259; x_wconf 92' lang='lat' dir='ltr'>si</span> 
     </span>
     <span class='ocr_line' id='line_1_37' title="bbox 24 2283 815 2332; baseline 0.001 -14"><span class='ocrx_word' id='word_1_362' title='bbox 24 2283 91 2320; x_wconf 91' lang='lat' dir='ltr'>veritas</span> <span class='ocrx_word' id='word_1_363' title='bbox 104 2296 144 2321; x_wconf 93' lang='lat' dir='ltr'>non</span> <span class='ocrx_word' id='word_1_364' title='bbox 157 2286 186 2322; x_wconf 91' lang='lat' dir='ltr'>sit.</span> <span class='ocrx_word' id='word_1_365' title='bbox 200 2286 222 2322; x_wconf 85' lang='grc' dir='ltr'>Α.</span> <span class='ocrx_word' id='word_1_366' title='bbox 234 2286 277 2331; x_wconf 79' lang='lat' dir='ltr'>lam</span> <span class='ocrx_word' id='word_1_367' title='bbox 290 2286 328 2322; x_wconf 89' lang='lat' dir='ltr'>hoc</span> <span class='ocrx_word' id='word_1_368' title='bbox 341 2286 399 2332; x_wconf 88' lang='lat' dir='ltr'>paulo</span> <span class='ocrx_word' id='word_1_369' title='bbox 412 2288 455 2321; x_wconf 92' lang='lat' dir='ltr'>ante</span> <span class='ocrx_word' id='word_1_370' title='bbox 469 2285 561 2321; x_wconf 87' lang='lat' dir='ltr'>concessi.</span> <span class='ocrx_word' id='word_1_371' title='bbox 578 2285 598 2323; x_wconf 67' lang='lat' dir='ltr'>R,</span> <span class='ocrx_word' id='word_1_372' title='bbox 612 2284 671 2321; x_wconf 91' lang='lat' dir='ltr'>Nullo</span> <span class='ocrx_word' id='word_1_373' title='bbox 685 2285 744 2321; x_wconf 91' lang='lat' dir='ltr'>modo</span> <span class='ocrx_word' id='word_1_374' title='bbox 759 2284 815 2330; x_wconf 84' lang='lat' dir='ltr'>igitur</span> 
     </span>
     <span class='ocr_line' id='line_1_38' title="bbox 25 2342 814 2391; baseline 0.003 -14"><span class='ocrx_word' id='word_1_375' title='bbox 25 2343 99 2380; x_wconf 91' lang='lat' dir='ltr'>occidat</span> <span class='ocrx_word' id='word_1_376' title='bbox 111 2345 195 2382; x_wconf 84' lang='lat' dir='ltr'>veritas»</span> <span class='ocrx_word' id='word_1_377' title='bbox 206 2345 236 2391; x_wconf 91' lang='lat' dir='ltr'>(ll,</span> <span class='ocrx_word' id='word_1_378' title='bbox 245 2346 263 2390; x_wconf 87' lang='lat' dir='ltr'>ii,</span> <span class='ocrx_word' id='word_1_379' title='bbox 273 2347 293 2390; x_wconf 77' lang='lat'>23</span> <span class='ocrx_word' id='word_1_380' title='bbox 306 2357 337 2391; x_wconf 87' lang='lat' dir='ltr'>xv,</span> <span class='ocrx_word' id='word_1_381' title='bbox 345 2347 377 2389; x_wconf 83' lang='lat'>283</span> <span class='ocrx_word' id='word_1_382' title='bbox 391 2345 404 2390; x_wconf 88' lang='lat' dir='ltr'>l,</span> <span class='ocrx_word' id='word_1_383' title='bbox 413 2356 444 2389; x_wconf 93' lang='lat' dir='ltr'>xv,</span> <span class='ocrx_word' id='word_1_384' title='bbox 453 2343 489 2389; x_wconf 77' lang='lat'>29).</span> <span class='ocrx_word' id='word_1_385' title='bbox 503 2344 533 2380; x_wconf 90' lang='lat' dir='ltr'>De</span> <span class='ocrx_word' id='word_1_386' title='bbox 545 2355 602 2380; x_wconf 91' lang='lat' dir='ltr'>sensu</span> <span class='ocrx_word' id='word_1_387' title='bbox 616 2343 647 2379; x_wconf 82' lang='lat' dir='ltr'>mc</span> <span class='ocrx_word' id='word_1_388' title='bbox 659 2344 712 2380; x_wconf 90' lang='lat' dir='ltr'>vocis</span> <span class='ocrx_word' id='word_1_389' title='bbox 726 2342 814 2387; x_wconf 81' lang='lat' dir='ltr'>veritatis,</span> 
     </span>
     <span class='ocr_line' id='line_1_39' title="bbox 25 2403 815 2451; baseline 0 -13"><span class='ocrx_word' id='word_1_390' title='bbox 25 2412 74 2446; x_wconf 85' lang='lat' dir='ltr'>quae</span> <span class='ocrx_word' id='word_1_391' title='bbox 88 2404 144 2440; x_wconf 88' lang='lat' dir='ltr'>valde</span> <span class='ocrx_word' id='word_1_392' title='bbox 158 2416 229 2451; x_wconf 90' lang='lat' dir='ltr'>anceps</span> <span class='ocrx_word' id='word_1_393' title='bbox 244 2407 272 2441; x_wconf 91' lang='lat' dir='ltr'>est</span> <span class='ocrx_word' id='word_1_394' title='bbox 286 2406 338 2450; x_wconf 88' lang='lat' dir='ltr'>apud</span> <span class='ocrx_word' id='word_1_395' title='bbox 353 2405 382 2449; x_wconf 69' lang='lat' dir='ltr'>A„</span> <span class='ocrx_word' id='word_1_396' title='bbox 397 2405 420 2440; x_wconf 88' lang='lat' dir='ltr'>cl.</span> <span class='ocrx_word' id='word_1_397' title='bbox 436 2404 489 2440; x_wconf 84' lang='lat' dir='ltr'>Solil.</span> <span class='ocrx_word' id='word_1_398' title='bbox 505 2405 527 2448; x_wconf 86' lang='lat' dir='ltr'>ll,</span> <span class='ocrx_word' id='word_1_399' title='bbox 542 2404 567 2447; x_wconf 91' lang='lat' dir='ltr'>xi,</span> <span class='ocrx_word' id='word_1_400' title='bbox 582 2405 614 2439; x_wconf 84' lang='lat'>21:</span> <span class='ocrx_word' id='word_1_401' title='bbox 631 2404 743 2446; x_wconf 82' lang='lat' dir='ltr'>«Quisnam</span> <span class='ocrx_word' id='word_1_402' title='bbox 758 2403 815 2448; x_wconf 84' lang='lat' dir='ltr'>igitur</span> 
     </span>
     <span class='ocr_line' id='line_1_40' title="bbox 25 2461 815 2511; baseline 0.001 -15"><span class='ocrx_word' id='word_1_403' title='bbox 25 2461 181 2509; x_wconf 77' lang='lat' dir='ltr'>nirunputahit</span> <span class='ocrx_word' id='word_1_404' title='bbox 193 2465 208 2501; x_wconf 92' lang='lat' dir='ltr'>si</span> <span class='ocrx_word' id='word_1_405' title='bbox 222 2476 244 2501; x_wconf 91' lang='lat' dir='ltr'>ea</span> <span class='ocrx_word' id='word_1_406' title='bbox 257 2475 295 2511; x_wconf 87' lang='lat' dir='ltr'>qua</span> <span class='ocrx_word' id='word_1_407' title='bbox 305 2476 349 2501; x_wconf 90' lang='lat' dir='ltr'>vera</span> <span class='ocrx_word' id='word_1_408' title='bbox 358 2466 403 2500; x_wconf 91' lang='lat' dir='ltr'>sunt</span> <span class='ocrx_word' id='word_1_409' title='bbox 411 2463 482 2508; x_wconf 88' lang='lat' dir='ltr'>omnia,</span> <span class='ocrx_word' id='word_1_410' title='bbox 491 2474 525 2510; x_wconf 85' lang='lat' dir='ltr'>per</span> <span class='ocrx_word' id='word_1_411' title='bbox 538 2474 558 2499; x_wconf 92' lang='lat' dir='ltr'>se</span> <span class='ocrx_word' id='word_1_412' title='bbox 571 2463 612 2508; x_wconf 90' lang='lat' dir='ltr'>ipsa</span> <span class='ocrx_word' id='word_1_413' title='bbox 625 2464 643 2498; x_wconf 91' lang='lat' dir='ltr'>et</span> <span class='ocrx_word' id='word_1_414' title='bbox 656 2463 674 2498; x_wconf 89' lang='lat' dir='ltr'>in</span> <span class='ocrx_word' id='word_1_415' title='bbox 688 2473 708 2498; x_wconf 87' lang='lat' dir='ltr'>sc</span> <span class='ocrx_word' id='word_1_416' title='bbox 721 2462 763 2507; x_wconf 86' lang='lat' dir='ltr'>ipsa</span> <span class='ocrx_word' id='word_1_417' title='bbox 772 2472 815 2497; x_wconf 90' lang='lat' dir='ltr'>vera</span> 
     </span>
     <span class='ocr_line' id='line_1_41' title="bbox 25 2518 815 2570; baseline 0.001 -15"><span class='ocrx_word' id='word_1_418' title='bbox 25 2520 48 2556; x_wconf 92' lang='lat' dir='ltr'>sit</span> <span class='ocrx_word' id='word_1_419' title='bbox 60 2523 128 2559; x_wconf 91' lang='lat' dir='ltr'>veritas</span> <span class='ocrx_word' id='word_1_420' title='bbox 136 2538 151 2559; x_wconf 76' lang='lat'>».</span> <span class='ocrx_word' id='word_1_421' title='bbox 166 2524 195 2560; x_wconf 91' lang='lat' dir='ltr'>De</span> <span class='ocrx_word' id='word_1_422' title='bbox 208 2525 251 2570; x_wconf 93' lang='lat' dir='ltr'>ipso</span> <span class='ocrx_word' id='word_1_423' title='bbox 264 2526 384 2569; x_wconf 84' lang='lat' dir='ltr'>argumento,</span> <span class='ocrx_word' id='word_1_424' title='bbox 394 2518 420 2559; x_wconf 87' lang='lat' dir='ltr'>ct.</span> <span class='ocrx_word' id='word_1_425' title='bbox 430 2523 448 2559; x_wconf 89' lang='lat' dir='ltr'>S.</span> <span class='ocrx_word' id='word_1_426' title='bbox 458 2523 559 2567; x_wconf 76' lang='lat' dir='ltr'>rnonan,</span> <span class='ocrx_word' id='word_1_427' title='bbox 569 2522 575 2557; x_wconf 98' lang='lat' dir='ltr'>l</span> <span class='ocrx_word' id='word_1_428' title='bbox 585 2522 638 2558; x_wconf 75' lang='lat' dir='ltr'>Sum&#39;</span> <span class='ocrx_word' id='word_1_429' title='bbox 646 2522 683 2566; x_wconf 93' lang='lat' dir='ltr'>xvi,</span> <span class='ocrx_word' id='word_1_430' title='bbox 693 2532 709 2557; x_wconf 90' lang='lat' dir='ltr'>a.</span> <span class='ocrx_word' id='word_1_431' title='bbox 718 2522 735 2566; x_wconf 78' lang='lat'>7,</span> <span class='ocrx_word' id='word_1_432' title='bbox 745 2531 815 2566; x_wconf 92' lang='lat' dir='ltr'>corpus</span> 
     </span>
     <span class='ocr_line' id='line_1_42' title="bbox 25 2576 392 2629; baseline 0.014 -15"><span class='ocrx_word' id='word_1_433' title='bbox 25 2580 79 2617; x_wconf 89' lang='lat' dir='ltr'>etad</span> <span class='ocrx_word' id='word_1_434' title='bbox 92 2583 113 2626; x_wconf 78' lang='lat'>43</span> <span class='ocrx_word' id='word_1_435' title='bbox 126 2582 158 2620; x_wconf 84' lang='lat' dir='ltr'>De</span> <span class='ocrx_word' id='word_1_436' title='bbox 173 2576 213 2620; x_wconf 82' lang='lat' dir='ltr'>Ver.</span> <span class='ocrx_word' id='word_1_437' title='bbox 227 2584 240 2628; x_wconf 93' lang='lat' dir='ltr'>l,</span> <span class='ocrx_word' id='word_1_438' title='bbox 253 2583 264 2629; x_wconf 90' lang='lat' dir='ltr'>i,</span> <span class='ocrx_word' id='word_1_439' title='bbox 278 2594 294 2619; x_wconf 91' lang='lat' dir='ltr'>a.</span> <span class='ocrx_word' id='word_1_440' title='bbox 307 2584 324 2629; x_wconf 90' lang='lat'>5,</span> <span class='ocrx_word' id='word_1_441' title='bbox 337 2583 361 2619; x_wconf 86' lang='lat' dir='ltr'>ad</span> <span class='ocrx_word' id='word_1_442' title='bbox 375 2584 392 2619; x_wconf 90' lang='lat'>2.</span> 
     </span>
    </p>
   </div>
   <div class='ocr_carea' id='block_1_4' title="bbox 0 0 894 2978">
    <p class='ocr_par' dir='ltr' id='par_1_7' title="bbox 0 0 894 2978">
     <span class='ocr_line' id='line_1_43' title="bbox 0 0 894 2978; baseline 0 0"><span class='ocrx_word' id='word_1_443' title='bbox 0 0 894 2978; x_wconf 95' lang='lat' dir='ltr'> </span> 
     </span>
    </p>
   </div>
  </div>
 </body>
</html>
