1768 2978
102 82 155 117 ·.'15.
168 83 334 126 :luxuriantum
343 90 447 129 'aerenum
456 92 716 124 vrenarransexarrcrrxrx-
786 88 809 122 47

25 214 149 268 corporum,
166 202 254 243 ridicule
268 202 345 243 dicitur
359 201 477 245 secundum
492 204 539 246 eam
554 207 650 247 iudicari
659 208 758 257 aequales
775 221 810 248 an-

25 264 72 314 nos
93 271 114 308 et
131 280 180 308 non
192 266 310 316 secundum
332 281 378 309 eam
400 270 499 319 aequales
520 278 615 319 menses}
637 275 672 312 aut
691 273 809 314 secundum

25 345 72 373 eam
87 325 194 382 aequales
202 327 293 390 menses,
310 337 330 374 et
344 346 387 374 non
402 336 519 376 secundum
535 348 581 376 eam
596 337 695 386 aequales
705 337 758 378 dies.
769 337 811 378 Sed

25 399 70 439 sive
85 410 123 448 per
136 398 189 439 haec
203 396 279 448 spatia,
295 400 340 440 sive'
355 392 393 449 per
407 399 477 448 horas,
493 402 538 441 sive
548 413 586 450 per
595 401 693 442 breviora
703 394 811 443 momenta

25 465 178 504 convenienter
199 466 310 504 moveatur
330 464 418 513 aliquid,
441 466 515 506 eadem
538 478 579 506 una
601 469 621 506 et
642 467 810 508 incommutabili

26 528 152 579 aequalitate
168 529 297 569 iudicatur...
314 529 377 569 Nunc
391 525 449 569 vero‘
457 542 505 569 cum
516 530 634 570 secundum
645 533 710 571 totam
723 531 812 580 quadra-

26 596 85 634 turae
100 593 170 642 legem
185 592 290 634 iudicetur
304 597 325 634 et
339 594 409 634 forum
427 595 562 643 quadratum,
580 599 601 635 ει
622 596 675 644 lapis
697 597 812 645 quadratus

16 661 47 699 et
61 658 138 699 tabella
153 661 174 699 et
188 670 274 708 gemma
288 658 401 708 quadrata;
411 671 489 711 vrursus
503 660 621 714 secundum
637 663 703 713 totam
720 662 812 710 aequali-

26 725 74 764 tatis
89 724 159 779 legem
176 724 296 765 iudicentur
317 725 431 764 convenire
452 724 492 764 sibi
515 727 586 779 motus
609 725 688 774 pedum
710 727 812 772 currentis

26 789 137 836 formicae,
153 793 173 830 et
187 790 305 830 secundum
321 784 367 830 eam
383 790 499 838 gradientis
513 789 630 838 elephanti:
646 790 694 839 quis
710 802 757 830 eam
775 791 812 830 du-

26 854 80 895 bitet
93 855 191 896 locorum
207 856 321 895 intervallis
336 867 360 896 ac
374 857 505 911 temporum,
521 867 560 907 nec
581 856 684 896 maiorem
706 867 753 896 esse
773 868 813 903 nec

27 921 142 968 minorem,
157 932 206 960 cum
222 921 317 969 potentia
331 923 417 969 superet
431 921 520 961 omnia?
586 967 588 969 ¹

81 986 115 1025 De
132 985 189 1025 Tria.
204 985 261 1032 V-lll,
277 986 306 1032 ιιι,
322 987 335 1025 4
350 984 487 1031 (enumeratis
501 986 573 1025 multis
588 988 608 1025 ει
625 985 714 1025 diversis
730 983 812 1031 bonis):

27 1049 87 1097 Quid
102 1050 166 1099 plura
177 1052 198 1090 et
213 1050 286 1099 plura?
301 1050 385 1090 Bonum
400 1049 442 1090 hoc
456 1052 477 1090 et
491 1049 572 1089 bonurn
589 1050 651 1089 illud:
667 1050 719 1089 tolle
735 1049 777 1090 hoc
794 1053 814 1090 et

28 1115 88 1162 illud,
100 1118 120 1155 ει
133 1114 181 1155 vide
196 1116 266 1164 ipsum
281 1114 371 1162 bonum,
382 1115 399 1154 si
411 1117 482 1164 potes;
499 1115 526 1154 ita
536 1114 606 1157 Deum
617 1114 761 1170 videbis',non
772 1115 814 1155 alio

27 1180 87 1220 bono
97 1179 187 1227 bonum,
196 1180 235 1220 sed
244 1170 326 1219 honum
337 1180 408 1219 omnis
416 1179 475 1219 boni.
486 1179 562 1228 Neque
572 1180 628 1219 enim
640 1179 660 1218 in
671 1179 704 1218 his
714 1178 814 1219 omnibus

28 1244 98 1291 bonis,
115 1245 147 1284 vel
163 1256 218 1293 quae
232 1245 409 1291 commemoravi,
420 1244 453 1284 vel
463 1255 518 1293 quae
528 1244 568 1284 alia
578 1246 692 1284 cernuntur
701 1244 748 1283 sive·
755 1244 813 1292 cogi-

28 1312 106 1368 tantur,
122 1309 243 1350 diceremus
256 1308 313 1359 aliud
329 1309 371 1349 alio
388 1309 464 1349 melius
485 1320 534 1349 cum
555 1320 604 1348 vere
625 1309 751 1361 iudicamus,
773 1309 813 1348 nisi

28 1370 84 1416 esset
98 1375 279 1425 nobisimpressa
294 1375 354 1415 notio
369 1375 436 1424 ipsius
449 1373 716 1426 bonnae-eundumquod
731 1376 752 1414 et
765 1385 814 1422 pro-

28 1441 128 1493 baremus
143 1440 231 1490 aliquid,
247 1444 268 1481 et
281 1440 339 1481 aliud
354 1440 388 1480 alii
406 1451 612 1489 praeponeremus..;
635 1440 654 1479 5.
677 1438 814 1488 Quapropter

28 1507 86 1562 nulla
100 1509 171 1548 essent
185 1506 295 1547 mutabilia
309 1506 373 1554 hona,
390 1506 429 1546 nisi
451 1508 506 1546 esset
528 1505 706 1546 incommutabile·
722 1504 812 1546 bonum.

28 1572 84 1614 Cum
100 1573 171 1623 itaque
186 1572 247 1613 audis
261 1572 342 1613 honum
358 1572 399 1612 hoc
413 1574 434 1612 et
443 1571 524 1612 bonum
536 1570 587 1611 illud
598 1582 653 1620 quae
664 1573 753 1620 possunt
762 1570 814 1611 alias

29 1639 70 1680 dici
86 1640 149 1680 etiam
164 1650 207 1679 non
222 1638 287 1693 bona,
303 1639 319 1678 si
337 1638 432 1687 potueris
448 1638 494 1677 sine
515 1636 555 1687 illis
576 1648 631 1685 quae
652 1636 813 1689 participatione

28 1705 80 1746 boni
95 1704 153 1746 bona
167 1708 223 1752 sunt,
240 1705 360 1754 perspicere
382 1705 451 1754 ipsum
465 1703 554 1743 <bonum
576 1703 636 1742 cuius
653 1701 814 1751 participatione

28 1770 90 1812 bona.
100 1774 160 1819 sunu
176 1771 243 1812 simul>
254 1771 317 1811 etiam
332 1772 353 1810 et
367 1770 437 1818 ipsum
453 1768 560 1817 intelligis,
576 1779 625 1807 cum
642 1766 703 1807 audis
720 1766 762 1806 hoc
778 1769 814 1806 aut

30 1836 82 1877 illud
96 1836 189 1882 bonum:
205 1837 222 1877 si
237 1847 290 1885 ergo
305 1836 400 1884 potueris
414 1834 455 1874 illis
472 1829 570 1882 detractis
587 1844 624 1881 per
641 1844 663 1873 se
680 1832 750 1881 ipsum
768 1843 813 1880 per-

30 1898 112 1952 spicere
126 1902 224 1950 bonum,
233 1901 367 1952 perspexeris
381 1900 459 1940 Deum.
520 1908 522 1910 ·

31 2066 35 2070 -
77 2052 98 2079 a.
111 2043 143 2080 De
163 2043 211 2079 Vera
228 2042 269 2082 Rel.
288 2040 348 2084 xxxii,
366 2040 401 2079 002
420 2039 486 2075 «Nam
505 2038 551 2089 quis·
566 2048 606 2074 non
624 2036 734 2073 admonitus
752 2035 815 2072 videat

30 2113 94 2149 neque
108 2102 275 2148 ullam-speciem,
294 2111 358 2146 neque
376 2099 436 2135 ullum
455 2098 535 2147 omnino
554 2107 600 2134 esse
614 2106 684 2146 corpus
703 2095 758 2146 quod·
775 2105 815 2131 non

30 2163 100 2199 habeat
112 2162 188 2210 unitatis
191 2161 341 2212 qualecumque
359 2156 472 2204 vestigium?
491 2167 554 2202 neque
573 2154 694 2208 quantumvis
713 2153 815 2201 pulcherri-

31 2233 84 2259 mum
97 2232 173 2268 corpuq
192 2231 236 2258 cum
255 2219 370 2257 intervallis
375 2218 462 2256 locorum
480 2216 588 2254 necessario
607 2215 659 2255 aliurl
677 2214 722 2251 alibi
739 2213 815 2263 habeat,

30 2292 89 2329 posse
101 2282 177 2328 assequi
190 2291 242 2325 eam
246 2290 311 2326 quam
310 2264 401 2325 sequitur
413 2277 473 2313 unitat
465 2275 517 2312 tem?
530 2275 595 2318 Quare
608 2269 623 2320 si
637 2270 674 2310 hoc
686 2274 712 2309 ita
730 2259 764 2318 est,
782 2273 815 2308 ila-

30 2339 96 2388 girabo
109 2343 130 2378 ut
142 2329 264 2387 respondeat
276 2338 309 2375 uhi
322 2337 402 2386 videat
396 2347 438 2382 lpse
448 2325 541 2385 unitatem
551 2334 609 2378 hanc,
621 2334 658 2369 aut
668 2332 728 2369 unde
738 2331 824 2368 videat?-

31 2411 89 2447 quam
102 2401 118 2437 si
131 2401 171 2437 non
183 2399 261 2453 videret,
276 2397 327 2434 unde
346 2382 477 2456 cognosceret
486 2395 507 2430 et
525 2392 580 2439 quid·
585 2383 694 2428 {irritaretur
712 2390 818 2441 corporum

31 2460 111 2505 species,
124 2462 142 2496 et
154 2459 202 2505 quid
214 2458 294 2504 implere
306 2467 346 2492 ιιοιι
361 2451 461 2501 possem
472 2452 537 2497 xxxiv,
556 2444 675 2489 ol‘fflate
681 2449 733 2485 ιιιιιιι
744 2443 815 2494 ιιιιινι-
827 2476 831 2485 i

31 2519 81 2555 deat
88 2519 157 2555 omnis
164 2517 221 2555 unius
234 2512 348 2563 principium
361 2513 401 2550 nori
414 2522 461 2549 esse
465 2510 500 2547 n'isi
509 2519 570 2567 ιιιιιιιιιΙ
579 2492 648 2553 ιὲιιιιιιι,
657 2512 717 2573 aquo
725 2507 749 2544 sit
757 2510 816 2543 omne

31 2589 98 2624 unum,
108 2579 152 2616 sive
163 2577 210 2614 illud
223 2577 309 2622 impleat
313 2575 353 2611 sive
365 2584 405 2610 non
417 2570 517 2623 impleat»
564 2583 566 2585 ·
