1768 2978
62 101 85 134 44
144 102 170 135 14.
184 120 190 126 -
204 108 247 136 non
261 108 371 136 sensmnm
385 106 454 139 neone
468 101 493 133 Ex
508 101 643 133 §finslsslllBUS
658 100 766 130 nrrnncrn

62 220 130 259 doceo
146 232 194 260 vera
209 221 289 267 dicens,
305 232 354 259 vera
376 220 499 264 intuentem
522 216 611 256 docetur
632 215 687 254 enim
710 225 753 253 non
775 213 846 253 verbis

61 285 122 331 meis,
138 285 175 324 sed
192 285 242 333 ipsis
258 283 327 330 rebus,
344 284 390 323 Deo
406 283 461 322 intus
472 281 584 330 pandente,
597 278 725 325 manifestis;
738 278 808 327 itaque
819 278 845 318 de

61 348 93 387 bis
108 350 171 388 etiam
187 350 328 397 interrogatus
343 347 471 396 respondere
487 348 566 395 posset.
582 344 640 391 Quid
651 346 721 383 autem
732 342 846 383 absurdius

61 425 124 462 quam
140 425 188 453 eum
205 416 278 462 putare
293 413 400 452 locutione
415 424 462 451 mea
476 411 556 457 doceri,
574 410 610 459 qui
631 413 710 458 posset,
731 410 844 457 antequam

61 478 166 526 loquerer,
183 490 207 517 ea
222 479 267 526 ipsa
282 479 423 525 interrogatus
438 476 559 525 exponere?

115 542 178 591 Cous.
195 544 220 589 Χ,
236 556 255 589 x,
269 544 300 582 17:
312 542 338 582 nt
349 553 399 581 vero
410 553 458 581 cum
469 541 534 580 audio
544 541 583 580 tria
594 552 672 589 genera
682 551 729 579 esse
739 540 845 588 quaestio-

60 619 124 646 num:
141 619 166 646 an
181 608 215 654 sit,
231 607 282 655 quid
297 608 331 653 sit,
347 606 409 655 quale
423 606 460 652 sit;
476 616 578 645 sonorum
595 604 682 653 quidem
698 603 776 653 quibus
793 603 846 645 baec

60 672 156 711 confecta
171 675 223 711 sunt.
234 672 337 720 imagines
354 674 425 717 teneo,
448 673 468 710 et
485 682 523 710 eos
545 682 582 718 per
603 681 664 709 auras
686 681 734 708 cum
756 669 845 718 strepitu

60 737 158 776 transisse
174 749 197 776 ac
212 738 253 776 iam
269 748 311 776 non
327 748 373 775 esse
387 736 440 775 scio.
457 736 497 777 Res
512 730 562 774 nero
578 736 634 783 ipsas
651 746 705 783 quae
723 734 763 774 illis
780 734 845 782 signi·

60 801 150 840 ficantur
164 802 222 841 sonis
237 813 306 849 neque
321 801 364 840 ullo
379 812 442 840 sensu
457 801 554 848 corporis
569 800 637 848 attigi,
654 811 693 839 nec
707 790 790 848 uspiam
802 799 844 839 vidi

61 869 142 915 praeter
157 855 250 906 animum
267 878 346 914 meum,
362 865 418 906 etin
433 866 537 906 memoria
555 866 657 906 reconditi
675 877 718 905 non
741 866 845 915 imagines

60 943 131 971 earum
147 933 184 972 sed
200 933 266 981 ipsas;
282 944 336 981 quae
347 932 403 971 unde
414 931 440 971 ad
452 943 486 971 me
497 932 625 979 intraverint,
638 931 708 971 dicant
718 931 735 971 si
747 933 844 981 possunt.

60 997 114 1036 Nam
131 1009 231 1045 percurro
246 998 319 1037 ianuas
331 1009 407 1037 omnes
417 989 485 1036 carnis
496 1009 563 1044 meae,
575 1009 613 1037 nec
624 997 709 1037 invenio
720 1009 762 1046 qua
772 1008 844 1036 earum

61 1063 167 1111 ingressae
181 1064 248 1102 sint...
265 1062 306 1103 Ubi
323 1074 382 1111 ergo,
398 1065 434 1102 aut
448 1074 513 1111 quare
529 1074 576 1102 cum
593 1062 713 1102 dicerentur
729 1063 807 1112 agnovi
825 1065 846 1102 et

60 1128 113 1167 dixi:
130 1128 157 1167 ita
172 1131 210 1175 est,
226 1140 299 1167 verum
315 1130 357 1174 est;
373 1129 412 1168 nisi
428 1129 477 1176 quia
493 1129 534 1167 iam
550 1131 609 1179 erant
630 1129 651 1167 in
673 1129 784 1175 memoria,
807 1128 845 1168 sed

60 1195 102 1232 tam
118 1196 199 1233 remota
214 1196 234 1233 et
249 1196 328 1233 retrusa
341 1194 438 1247 quasi'in
453 1194 523 1233 caveis
537 1192 685 1241 abditioribus,
704 1196 727 1233 ut
748 1194 787 1233 nisi
809 1193 845 1233 ad-

60 1261 161 1298 monente
175 1259 247 1308 aliquo
262 1262 391 1313 eruerentur,
408 1271 432 1299 ea
446 1259 536 1299 fortasse
550 1260 644 1307 cogitare
659 1271 702 1299 non
718 1260 819 1308 possem?

113 1324 141 1371 xi,
159 1325 190 1364 18.
208 1324 315 1371 Quocirca
333 1325 452 1364 invenimus
474 1324 525 1364 nihil
548 1336 594 1364 esse
615 1324 672 1364 aliud
695 1325 776 1365 discere
798 1325 844 1371 ista,

60 1401 151 1438 quorum
167 1402 209 1429 non
225 1402 263 1438 per
276 1402 351 1430 sensus
366 1390 474 1430 haurimus
489 1379 600 1438 imagines,
612 1391 649 1430 sed
659 1391 705 1430 sine
716 1379 845 1439 imaginibus

60 1455 114 1494 sicut
127 1458 176 1494 sunt
191 1467 228 1503 per
242 1456 311 1504 seipsa
327 1456 382 1495 intus
396 1456 510 1502 cemimus,
526 1456 565 1495 nisi
581 1467 605 1496 ea
623 1467 677 1504 quae
693 1456 770 1505 passim
782 1458 845 1505 atque

61 1520 185 1569 indisposite
201 1521 304 1560 memoria
318 1521 447 1568 continebat,
464 1520 579 1570 cogitando
595 1522 654 1570 quasi
670 1521 771 1571 colligere
782 1524 845 1571 atque

60 1585 248 1628 animadvertendo
263 1598 343 1633 curare,
360 1590 382 1626 ut
396 1589 496 1635 tanquam
512 1586 538 1626 ad
557 1598 643 1626 manum
666 1587 735 1635 posita
757 1588 777 1627 in
800 1587 855 1636 ipsa.

61 1651 171 1697 memoria,
187 1651 222 1690 ubi
238 1663 310 1700 sparsa
326 1652 383 1700 prius
398 1655 418 1691 et
433 1651 528 1700 neglecta
543 1651 671 1699 latitabant,-
684 1653 725 1691 iam
747 1652 844 1711 familiari

62 1716 171 1756 intentioni
190 1716 250 1756 facile
269 1719 387 1756 occurrant.

114 1781 149 1827 xii,
167 1782 200 1821 19:
213 1781 264 1821 Item
275 1783 369 1822 continet
379 1783 483 1822 memoria
493 1795 630 1824 numerorum
643 1783 845 1833 dimensionumque

62 1847 152 1885 rationes
167 1849 187 1885 et
202 1847 259 1895 leges
274 1846 445 1893 innumerabiles,
462 1860 551 1896 quarum
567 1849 647 1888 nullam
663 1850 760 1898 corporis
770 1861 845 1889 sensus

62 1911 192 1958 impressit...
208 1912 255 1950 Vidi
273 1912 338 1951 lineas
355 1911 464 1952 fabrorum
486 1913 518 1952 vel
540 1915 603 1954 etiam
625 1915 768 1961 tenuissimas,
791 1915 845 1954 sicut

61 1975 120 2014 filum
136 1988 231 2023 araneae;
247 1977 284 2016 sed
299 1977 346 2017 illae
360 1977 413 2017 aliae
429 1981 484 2025 sunt,
508 1991 551 2030 non
573 1982 622 2020 sunt
646 1980 750 2029 imagines
772 1991 844 2020 earum

61 2052 113 2087 quas
128 2041 179 2080 milri
195 2042 297 2081 nuntiavit
311 2043 379 2082 camis
394 2043 480 2083 oculus:
498 2045 557 2084 novit
571 2057 607 2084 eas
622 2045 719 2094 quisquis
736 2046 782 2085 sine
803 2045 845 2085 ulla

61 2106 189 2153 cogitatione
205 2107 364 2156 qualiscumque
379 2109 476 2156 corporis
491 2110 546 2149 intus
557 2111 645 2158 agnovit
655 2122 698 2165 eas.
710 2110 769 2150 Sensi
781 2111 844 2151 etiam

61 2182 161 2210 numeros
176 2171 275 2211 omnibus
290 2173 385 2221 corporis
400 2173 497 2213 sensibus
512 2186 566 2223 quos
588 2187 733 2223 numeramus;
756 2175 800 2216 sed'-
816 2175 844 2215 illi

62 2235 95 2274 alii
110 2238 159 2275 sunt
173 2236 250 2284 quibus
265 2249 407 2285 numeramus,
424 2251 463 2278 nec
478 2240 581 2288 imagines
597 2241 685 2280 istorum
696 2244 752 2288 sunt,
765 2244 785 2281 et
796 2241 845 2281 ideo

61 2300 122 2340 valde
136 2303 191 2340 sunt.
208 2301 281 2343 Rideat
296 2314 330 2342 me
345 2303 383 2342 ista
398 2304 511 2351 dicentem,
528 2306 563 2353 qui
579 2317 617 2345 eos
632 2318 676 2346 non
691 2306 756 2354 videt,
772 2309 793 2346 et
803 2318 845 2355 ego

62 2364 145 2404 doleam
161 2365 264 2405 ridentem
280 2378 321 2406 me.
760 2364 762 2368 ’

110 2472 129 2497 a.
144 2463 207 2498 Primo
221 2463 348 2509 Augustinum
361 2466 424 2501 allexit
437 2467 575 2503 reminiscentia
589 2469 691 2514 Platonica,
700 2471 846 2516 praesupposita

61 2522 125 2566 aliqua
137 2522 174 2557 vita
187 2523 295 2567 praenatali,
308 2534 365 2568 quam
382 2527 445 2560 tamen
459 2537 505 2561 mox
518 2528 593 2573 respuit.
607 2528 636 2564 Cf.
649 2529 701 2574 Epis.
715 2530 747 2566 Vll
762 2529 793 2575 (ad
807 2531 845 2566 Ne-

63 2579 124 2624 bridl,
136 2582 155 2624 2;
169 2581 222 2617 Solii.
237 2582 257 2625 ll,
271 2593 289 2625 x,
302 2584 330 2626 35,
344 2593 387 2618 cum
401 2584 487 2629 Retract.;
500 2586 531 2621 De
545 2587 615 2631 Quont.
628 2588 665 2624 An.
679 2600 710 2633 xx,
719 2590 748 2634 34,
757 2600 801 2625 cum
812 2590 846 2628 Re-
