1768 2978
158 75 159 78 ’
185 79 201 113 3.
209 90 224 103 ·-
240 85 278 113 ursi
292 86 435 117 cueuruerurrs
448 89 492 117 nou
506 90 647 118 interimeris
799 84 810 118 5

76 195 97 232 h.
111 196 159 232 Prae
172 195 239 232 oculos
252 196 310 232 habet
317 197 404 234 veritates
413 197 437 233 ad
446 199 558 245 religionem
571 185 692 245 pertinentes,
702 199 748 245 quin
761 200 811 235 clare
853 205 855 208 ’

22 257 126 302 distinguat
134 255 182 291 inter
191 265 223 291 eas
232 266 282 301 quae
291 256 366 301 perviae
375 259 419 293 sunt
428 258 495 294 rationi
504 259 605 303 humanae,
615 260 633 294 et
645 269 677 294 eas
691 269 740 304 quae
749 259 810 304 ipsam

22 315 123 352 excedunt.
136 314 192 352 Certe
205 314 255 362 dicta
268 314 370 361 Augustini
382 317 407 352 de
419 316 516 362 prioritate
528 317 573 353 tidei
586 328 626 353 non
639 319 720 362 possunt
733 317 757 353 ad
770 318 812 354 sola
857 331 863 336 ·’

22 375 110 422 mysteria
119 374 211 420 restringi.
224 373 363 426 Animadvertit
371 387 429 421 porro
440 376 500 412 «nihil
514 377 594 412 omnino
608 374 703 413 humanae
716 376 811 413 societatis

22 435 118 471 incolume
135 444 239 478 remanere,
252 435 268 470 si
283 434 329 470 nihil
347 435 424 471 credere
441 436 562 472 statuerimus
579 435 633 482 quod
650 447 689 472 non
707 446 812 482 possumus

21 489 86 531 tenere
101 496 228 540 perceptum»
245 493 284 540 (De
298 493 344 531 Urit.
358 495 454 532 Credendr'
465 495 497 539 xii,
510 495 542 539 26;
556 496 587 532 De
600 496 640 533 (Σίν.
653 496 692 532 Dei
703 496 735 540 xl,
748 495 781 540 iii),
795 497 813 531 et

22 555 117 591 discentes
126 554 182 590 etiam
192 554 302 600 disciplinas
311 555 404 590 humanas
413 555 475 591 solere
488 555 551 601 primo
562 556 696 601 magistrorum
706 555 812 591 auctoritati

22 614 81 651 fidere
94 612 133 659 (De
147 614 220 651 Ordine
232 614 254 659 ll,
267 614 292 659 ix,
306 614 338 657 26;
351 615 383 650 De
396 615 470 659 Quant.
480 614 562 651 Animae
574 615 604 659 vii,
619 613 655 655 12).

76 682 96 709 c.
111 673 164 715 Quid
179 673 251 710 intersit
266 674 314 710 inter
328 674 376 710 scire
385 676 404 710 et
412 674 489 710 credere
498 674 603 719 explicatur
611 674 672 720 Epist.
681 674 766 711 CXLVll
780 673 812 720 (ad

23 731 131 778 Paulinam)
144 734 155 779 i,
169 734 185 782 63
199 733 224 777 iii,
237 734 258 778 ὃς
271 734 353 774 Retract.
363 734 376 778 l,
385 734 423 778 xiv,
438 734 455 769 3.
468 734 506 770 Sed
519 744 558 769 vox
571 734 616 770 iidei
630 734 673 779 plus
686 729 753 769 multo
761 745 813 770 com-

22 793 109 839 plectitur
122 803 180 838 quam
193 792 267 829 nudum
283 792 352 829 mentis
366 803 472 829 assensum.
488 793 570 838 Oportet
582 793 634 829 enim
647 794 665 828 et
678 793 721 828 Deo
737 793 814 829 credere

23 854 41 888 et
49 853 69 888 in
78 851 146 888 Deum.
158 852 223 894 «Quid
233 854 261 889 est
269 863 316 900 ergo
325 853 402 888 credere
410 852 430 888 in
439 852 517 889 Deum?
526 851 630 888 Credendo
639 863 708 903 amare,
716 852 814 888 credendo

23 911 213 958 diligere,credendo
227 911 245 947 in
259 922 304 947 eum
317 911 350 956 ire,
359 912 378 947 in
388 911 429 958 ejus
438 911 529 948 membris
542 911 665 958 incorporari.
679 912 722 957 lpsa
731 913 759 947 est
767 922 814 957 ergo

23 971 77 1016 iides,
84 981 143 1017 quam
152 971 177 1007 de
186 970 242 1007 nobis
252 971 312 1022 exigit
320 970 374 1007 Deus
381 985 388 1001 »
399 970 428 1016 (ln
433 971 491 1015 Joan.
498 971 558 1007 Euan.
566 971 618 1015 xxix,
625 972 642 1015 63
652 972 718 1008 Sermo
726 971 781 1015 cxliv,
789 969 813 1015 2).

24 1031 57 1067 Est
67 1030 167 1067 «cordium
177 1030 303 1067 mundatrix...
311 1041 349 1076 qua
358 1042 391 1067 cor
399 1031 504 1067 mundante
513 1030 536 1066 ad
547 1030 683 1067 beatitudinem
691 1031 812 1077 pervenitur»

23 1089 62 1134 (De
76 1089 126 1125 Trin.
140 1089 189 1134 xlll,
202 1089 233 1134 vii,
247 1092 279 1134 103
293 1090 333 1133 XV,
347 1088 406 1135 xxiv).

78 1147 99 1184 d.
114 1148 244 1195 Philosophus
254 1149 318 1195 itaque
329 1141 448 1185 Christianus
457 1150 563 1185 doctrinam
572 1149 691 1186 Catholicam
700 1149 739 1185 tide
748 1160 814 1195 aecep-
858 1160 861 1164 ’

23 1209 62 1245 tam
75 1219 109 1245 sua
122 1208 246 1245 meditatione
251 1210 382 1255 ,perscrutatur
390 1210 409 1245 et
414 1208 521 1255 intelligere
534 1211 626 1254 quantum
640 1208 680 1245 iieri
694 1210 757 1255 potest
768 1219 813 1245 con·

23 1268 89 1304 tendit.
101 1267 133 1303 De
142 1268 215 1305 Ordine
227 1268 249 1312 ll,
258 1279 275 1312 v,
285 1268 316 1303 16:
332 1268 426 1314 «Duplex
439 1270 467 1304 est
480 1268 531 1304 enim
544 1269 574 1304 via
587 1279 645 1314 quam
658 1261 757 1314 sequimur
769 1279 813 1304 cum

24 1338 87 1363 rerum
100 1337 136 1363 nos
149 1327 255 1364 obscuritas
271 1329 345 1363 movet:
360 1329 392 1363 aut
405 1327 498 1380 rationem
511 1329 543 1363 aut
555 1330 605 1364 certe
620 1328 755 1364 auctoritatem.
769 1327 813 1364 Phi-

24 1386 114 1432 losophia
126 1387 219 1423 rationem
228 1387 321 1432 promittit
333 1388 351 1423 et
363 1387 396 1423 vix
408 1387 535 1432 paucissimos
544 1386 619 1430 iiberat;
633 1397 683 1432 quos
696 1388 759 1422 tamen
773 1397 812 1422 non

25 1447 84 1482 modo
98 1457 137 1482 non
151 1448 274 1483 contemnere
287 1447 319 1482 illa
332 1447 425 1493 mysteria,
439 1447 472 1482 sed
486 1447 528 1482 sola
540 1446 645 1492 intelligere
658 1448 678 1482 ut
690 1446 813 1492 intelligenda

24 1508 68 1542 sunt
81 1506 138 1551 cogit.
152 1506 271 1552 Nullumque
284 1506 336 1542 aliud
349 1506 407 1542 habet
419 1506 518 1552 negotium
532 1516 581 1551 quae
590 1517 634 1541 vera
643 1508 666 1550 et,
675 1507 696 1541 ut
706 1506 731 1541 ita
744 1505 813 1549 dicam,

24 1576 116 1610 germana
128 1565 252 1611 philosophia
261 1568 294 1609 est,
304 1576 362 1611 quam
376 1567 396 1601 ut
409 1565 477 1602 doceat
489 1565 542 1611 quod
556 1566 579 1602 sit
592 1565 679 1601 omnium
688 1576 750 1601 rerum
764 1565 814 1611 prin-

24 1624 95 1670 cipium
109 1625 150 1661 sine
162 1618 394 1674 prineipio,vquantusque
406 1625 426 1660 in
439 1635 463 1661 eo
477 1626 552 1660 maneat
564 1625 676 1668 intellectus,
685 1624 756 1670 quidve
769 1624 813 1659 inde

25 1683 43 1718 in
53 1685 138 1720 nostram
147 1684 228 1720 salutem
237 1684 278 1720 sine
287 1684 325 1719 ulla
334 1683 482 1730 degeneratione
492 1683 603 1720 manaverit:
614 1693 672 1728 quem
681 1693 741 1719 unum
750 1682 814 1719 Deum

25 1743 178 1789 omnipotentem
187 1753 271 1788 eumque
277 1743 405 1789 tripotentem,
413 1743 488 1779 Patrem
495 1744 514 1778 et
521 1742 589 1779 Filium
598 1744 616 1778 et
624 1742 714 1788 Spiritum
724 1741 814 1778 Sanctum

25 1802 96 1838 docent
111 1802 221 1839 veneranda
240 1802 333 1848 mysteria,
351 1813 401 1848 quae
417 1802 456 1838 iide
473 1802 547 1838 sincera
564 1803 582 1838 et
598 1802 714 1838 inconcussa
731 1801 815 1847 populos

25 1861 114 1898 liberat».
129 1854 245 1907 ContraJul.
255 1862 322 1908 Pelag.
331 1860 366 1906 lv,
380 1861 417 1906 xiv,
430 1862 462 1898 72:
478 1861 582 1897 «Obsecro
595 1862 619 1905 te,
628 1871 668 1897 non
681 1861 704 1896 sit
717 1860 816 1899 honestior

25 1920 148 1966 philosophia
161 1921 247 1967 gentium
256 1932 315 1967 quam
324 1923 389 1957 nostra
401 1920 514 1965 Christiana,
524 1931 573 1965 quae
587 1931 625 1956 una
638 1922 666 1956 est
678 1930 722 1956 vera
731 1919 816 1965 philoso-

26 1979 76 2025 phia,
89 1980 248 2029 quandoquidem
264 1980 349 2017 studium
364 1981 393 2016 vel
409 1991 464 2016 amor
478 1980 582 2026 sapientiae
597 1979 715 2025 significatur
729 1979 767 2016 hoc
782 1990 817 2015 no-

26 2040 77 2076 mine
85 2055 100 2075 a.
114 2040 144 2076 De
153 2039 262 2076 discrimine
271 2040 319 2076 inter
324 2040 384 2084 ratem
395 2040 538 2085 indagationem
550 2040 671 2086 praelucente
679 2039 724 2083 tide,
733 2040 751 2074 et
763 2039 817 2075 theo-

26 2098 103 2145 logiam,
112 2099 142 2135 cui
151 2099 200 2135 tides
209 2099 323 2145 praemissas
333 2100 351 2135 et
360 2090 453 2145 principia
461 2099 545 2145 praebet,
554 2099 578 2135 ci.
585 2099 672 2144 Gusou,
681 2098 817 2142 Introduction,

26 2168 58 2202 pp.
71 2159 160 2204 auu-30&
176 2159 284 2203 Ronlfivera,
299 2157 389 2195 Arctues
402 2158 425 2194 de
437 2158 487 2194 Phil.
500 2158 540 2203 Vll,
553 2160 571 2203 2,
585 2158 637 2200 1029,
650 2169 682 2204 pp.
696 2158 731 2194 208
744 2160 763 2194 et
775 2168 817 2203 sqq.

81 2312 105 2352 ii.
121 2311 234 2369 lntellige
249 2314 276 2353 ut
290 2310 384 2353 credas.
398 2337 406 2344 -
421 2314 493 2355 Sermo
514 2315 565 2363 xliii,
589 2316 613 2355 8:
637 2314 717 2357 Putatis
738 2317 817 2362 autem,
877 2311 880 2314 ’

27 2381 138 2428 carissimi,
154 2374 206 2422 niiiil
222 2380 292 2422 dicere
312 2381 375 2421 etiam
396 2380 454 2420 illum
470 2381 506 2430 qui
542 2381 589 2421 icit:
606 2379 722 2429 intelligam
738 2382 761 2420 ut
775 2392 819 2420 cre-

27 2445 92 2486 dam?
106 2446 166 2493 Quid
187 2447 244 2487 enim
267 2458 323 2486 nunc
345 2447 436 2495 agimus·
450 2446 489 2486 nisi
505 2448 528 2485 ut
542 2445 637 2492 credant,
660 2457 703 2485 non
719 2445 754 2493 qui
775 2457 818 2485 non

27 2511 124 2559 credunt,
140 2512 178 2552 scd
193 2512 228 2561 qui
244 2511 314 2552 adhuc
336 2523 411 2560 parurn
433 2511 537 2551 credunt?
554 2512 609 2551 Nam
631 2510 648 2550 si
670 2509 730 2549 nullo
752 2510 819 2550 modo

19 2569 175 2625 credidissent,
191 2589 235 2617 non
250 2577 285 2617 hic
300 2579 377 2617 essent.
388 2607 408 2617 ..
424 2577 444 2616 9.
461 2577 531 2626 Ergo,
542 2575 653 2622 carissimi,
670 2577 690 2615 et
705 2575 739 2614 ille
754 2586 819 2624 quern
