1768 2978
115 99 142 134 14.
155 105 220 134 -uou
234 105 345 135 sensnum
358 107 429 142 neone
442 110 467 137 ex
483 111 618 146 sensisumus
633 112 739 142 arranem
796 104 816 139 <ti

35 220 85 260 tiam
104 221 234 269 pertinere...
250 219 321 268 Quam
340 234 392 271 ergo
410 235 471 264 verae
488 227 551 273 atque
570 225 754 265 incommutabiles
771 229 820 266 sunt

35 285 120 334 regulae
135 281 391 335 numeroruquuorum
410 290 513 329 rationem
532 292 595 339 atque
613 290 721 330 veritatem
740 291 820 331 inconi-

35 350 164 391 mutabiliter
179 353 242 399 atque
257 353 399 392 communiter
409 353 509 404 omnibus
525 366 570 394 eam
587 355 721 394 cernentibus
736 358 820 403 praesto

34 427 81 455 esse
96 415 174 463 dixisti,
186 418 228 455 tam
239 419 288 456 sunt
298 428 360 456 verae
370 419 433 465 atque
444 419 629 459 incommutabiles
643 420 728 467 regulae
738 420 820 468 sapien·

34 480 101 520 tiae...
120 491 199 529 easque
217 480 317 519 omnibus
335 482 371 529 qui
391 482 443 521 haec
461 483 536 522 intueri
555 483 631 529 valent,
651 494 777 523 communes
794 484 820 523 ad

35 544 225 593 contemplandum
240 557 287 584 esse
302 546 410 585 concedis.

83 674 103 700 a.
122 665 174 707 Quid
193 665 217 702 sit
236 666 334 711 proprium
354 668 372 702 et
391 667 483 712 privatum
502 667 521 703 in
538 668 682 713 cognoscendo,
701 667 747 713 quid
767 668 823 712 quasi

34 724 139 770 publicum,
164 724 227 771 primo
252 724 334 771 explicat
356 725 444 772 analogia
467 736 491 761 ex
512 725 609 762 sensibus:
630 726 661 761 hic
681 736 739 771 quern
760 727 822 761 sentio

35 785 89 830 odor,
106 784 137 821 hic
150 786 217 831 gustus
230 787 258 822 est
270 785 316 821 mibi
329 786 420 831 privatus;
438 775 516 822 ‘obiecta
528 785 567 822 visa
582 786 611 822 vel
630 785 694 822 audita
713 785 738 831 (ν.
751 797 768 832 g.
787 785 822 829 sol,

35 843 109 890 cantus)
123 845 234 881 communia
248 840 292 881 sunt
307 845 403 882 omnibus.
418 845 449 882 De
463 845 503 881 Lib.
518 845 564 882 Arb.
581 846 601 890 ll,
616 846 647 890 vii,
663 846 693 882 19:
710 845 823 891 «Proprium

34 915 81 950 ergo
98 906 117 941 et
131 901 185 950 quasi
198 905 291 950 privatum
304 905 449 951 intelligendum
463 907 490 942 est
503 905 673 951 quod'unicuique
688 907 774 941 nostrum
787 904 824 940 soli

34 966 67 1009 est,
80 966 99 1000 et
111 965 164 1011 quod
177 964 197 1000 in
210 975 230 1001 se
243 965 297 1001 solus
316 965 383 1010 sentit·
396 965 450 1010 quod
467 965 491 1001 ad
509 976 563 1001 suam
583 967 669 1001 naturam
689 964 766 1010 proprie
782 975 824 1010 per·

34 1023 86 1059 tinet.
99 1022 208 1059 Commune
221 1024 291 1059 autem'
298 1025 316 1059 et
325 1018 379 1069 quasi
392 1024 497 1069 publicum,
506 1024 559 1069 quod
569 1022 593 1060 ab
602 1024 693 1069 omnibus
699 1023 824 1059 sentientibus

34 1081 87 1117 nulla
99 1082 128 1118 sui
141 1082 264 1128 corruptione
282 1084 339 1128 atque
358 1082 508 1118 commutatione
527 1082 629 1118 sentitur».
645 1082 720 1118 Fatetur
738 1081 823 1127 prolecto

35 1141 198 1186 comparationem
211 1141 266 1177 istam
279 1141 394 1186 claudicare;
408 1141 452 1177 ibid.
466 1141 503 1185 xiv,
516 1143 544 1177 38.

84 1198 104 1235 b.
118 1200 148 1236 De
160 1200 240 1236 obiectis
259 1201 335 1245 privatis
354 1201 465 1245 intellectus,
478 1201 501 1235 ci.
514 1200 545 1236 De
559 1201 609 1236 Tria.
627 1201 658 1244 lx,
675 1201 699 1244 vi,
712 1201 732 1236 9:
749 1200 824 1235 «Aliter

35 1258 168 1304 unusquisque
187 1259 247 1294 bomo
266 1259 365 1304 loquendo
384 1259 469 1300 enuntiat
486 1261 569 1295 mentem
582 1270 643 1303 suam,
657 1259 703 1304 quid
716 1259 735 1294 in
748 1269 768 1294 se
781 1259 823 1303 ipso

34 1318 101 1362 agatur
119 1317 227 1361 attendens;
241 1317 293 1354 aliter
306 1320 369 1353 autem
383 1317 487 1353 humanam
506 1319 589 1352 mentem
604 1317 681 1362 speciali
695 1319 727 1353 aut
739 1316 823 1362 generali

35 1374 145 1419 cognitione
158 1375 229 1411 delinit.
245 1376 310 1420 ltaque
323 1386 367 1411 cum
380 1375 426 1411 mihi
439 1375 463 1410 de
476 1386 511 1410 sua
524 1376 601 1420 propria
618 1376 706 1420 loquitur,
720 1377 782 1411 utrum
796 1375 823 1409 in-

34 1432 105 1478 telligat
114 1433 152 1469 hoc
164 1435 197 1469 aut
209 1433 255 1469 illud
268 1444 292 1469 an
305 1444 344 1469 non
357 1433 454 1478 intelligat,
467 1434 530 1468 utrum
542 1433 587 1469 velit
595 1444 619 1468 an
629 1433 676 1468 nolit
685 1433 722 1468 hoc
730 1435 762 1468 aut
770 1432 822 1475 illud,

34 1491 102 1534 cred0;
115 1502 159 1527 cum
178 1502 223 1527 vero
238 1492 263 1527 de
281 1492 365 1528 bumana
384 1491 490 1536 specialiter
508 1494 540 1527 aut
558 1491 670 1537 generaliter
688 1501 753 1527 verum
773 1491 822 1533 dicit,

35 1560 120 1596 agnosco
134 1552 152 1586 et
164 1551 258 1597 approbo.
273 1550 330 1587 Unde
348 1550 468 1586 manifestum
482 1551 510 1585 est
522 1550 573 1585 aliud
587 1549 744 1595 unumquemque
759 1549 823 1600 videre

35 1610 54 1646 in
67 1621 93 1654 se,
106 1610 160 1657 quod
168 1610 209 1647 sibi
222 1610 270 1647 alius
283 1610 352 1646 dicenti
365 1609 434 1652 credat,
447 1620 486 1645 non
500 1610 563 1645 tamen
576 1609 647 1652 videat;
660 1608 710 1644 aliud
727 1610 790 1644 autem
803 1608 822 1643 in

35 1671 76 1716 ipsa
88 1671 170 1715 veritate,
184 1671 237 1717 quod
250 1670 298 1707 alius
311 1680 390 1716 quoque
402 1669 463 1716 possit
475 1669 552 1705 intueri:
565 1679 648 1715 quorum
663 1668 742 1704 alterum
756 1666 822 1703 mutari

35 1741 69 1776 per
81 1732 173 1777 tempora,
186 1731 265 1768 alterum
279 1730 430 1767 incommutabili
443 1729 550 1766 aeternitate
563 1729 696 1766 consistere».

83 1800 103 1827 c.
112 1792 182 1828 Totum
195 1793 329 1838 argumentum
339 1791 376 1827 hoc
384 1791 423 1826 iere
432 1790 492 1826 modo
500 1790 567 1835 'potest
580 1789 677 1835 explicari:
687 1787 822 1834 cognoscimus

35 1847 110 1887 obiecta
123 1851 213 1887 omnibus
231 1843 332 1887 mentibus
343 1850 458 1893 communia,
472 1860 511 1885 non
524 1848 621 1885 sensibilia
636 1858 699 1893 neque
712 1848 731 1882 in
744 1847 823 1883 sensibi-

34 1910 85 1947 libus
97 1911 179 1955 inventa,
192 1911 273 1960 quaein
287 1910 350 1946 multis
369 1907 589 1953 interioribusffiiversis
607 1918 653 1944 sane
672 1907 743 1952 modis)
755 1907 822 1942 eadem
847 1928 848 1931 =

35 1970 151 2015 realizantur,
164 1969 328 2006 incommutabilia
341 1971 398 2015 atque
410 1970 491 2013 aeterna,
505 1978 516 2003 a
529 1967 624 2003 inentibus
641 1966 710 2003 nostris
723 1967 779 2010 plane
795 1965 822 2000 in·

35 2029 168 2074 dependentia,
181 2029 288 2065 secundum
302 2039 351 2073 quae
370 2027 476 2063 iudicamus
489 2027 514 2062 de
526 2026 592 2062 ceteris
612 2025 708 2061 omnibus.
721 2025 772 2070 Ergo
792 2034 823 2060 co-

35 2089 147 2133 gnoscimus
160 2087 254 2124 mundum
267 2086 409 2132 intelligibilem,
424 2085 455 2122 ubi
469 2085 519 2131 viget
532 2085 599 2120 veritas
611 2086 692 2120 aeterna.

76 2277 108 2316 14.
123 2298 130 2305 -
146 2275 200 2316 Non
216 2274 344 2316 sensibilia
360 2285 440 2324 neque
455 2285 487 2314 ex
502 2271 661 2312 sensibilibus
675 2272 786 2311 attracta.
849 2270 850 2273 ’

90 2387 104 2427 r.
119 2387 173 2428 uon
189 2399 221 2427 ex
236 2384 421 2427 sensibilibus·
436 2386 727 2433 DeLib.Arb.11,vin..2t:
743 2374 824 2425 Tamen

35 2457 52 2495 si
67 2455 105 2496 tibi
121 2456 198 2504 aliquis
212 2456 291 2495 diceret
309 2460 410 2494 numeros
428 2453 480 2492 istos
498 2463 541 2491 non
559 2463 584 2491 ex
602 2451 672 2499 aliqua
689 2462 727 2490 sua
742 2452 822 2495 natura,

35 2521 73 2562 sed
88 2533 113 2562 ex
128 2521 153 2562 iis
168 2521 231 2562 rebus
246 2532 299 2570 quas
314 2530 377 2560 sensu
392 2518 489 2566 corporis
504 2516 636 2565 attingimus,
648 2516 764 2564 impressos
778 2526 824 2554 esse

36 2588 108 2629 animo
126 2590 200 2629 nostro
219 2587 279 2637 quasi
297 2584 400 2636 quasdam
421 2583 524 2632 imagines
544 2592 680 2640 quorumque
700 2579 823 2629 visibilium]
