1768 2978
75 93 98 131 30
226 93 242 132 (Ι.
256 115 263 121 -
276 100 378 137 Quarum
391 100 476 133 vennas
488 96 598 130 courerxr
613 92 707 126 seusraus

76 214 112 247 bus
125 213 210 257 locisque
223 213 324 255 simillima,
337 224 376 247 non
389 214 452 247 tamen
469 213 555 246 locorum
570 209 634 253 spatiis
647 208 704 251 atque
716 205 788 240 tinibus
801 205 861 241 conti·

76 271 149 316 nentur,
162 280 197 306 nec
209 270 311 307 intervallis
324 270 415 306 localibus
428 270 447 305 in
460 270 525 305 nostra
537 266 629 303 memoria
645 265 775 310 reponuntur;
788 264 861 308 quanto

77 332 137 377 magis
150 331 182 367 illa
194 330 333 377 [intelligibilia]
342 344 362 375 »ς
376 331 428 376 Epis.
441 330 530 374 cxxvii,
544 328 587 372 xvii,
600 329 629 364 43.
807 371 809 374 .

124 399 143 423 c.
158 390 259 424 Distinctio
276 391 311 424 ista
327 390 375 425 inter
391 389 499 433 phantasias
512 390 530 423 et
542 387 673 432 phantasmata
686 396 697 420 a
710 384 777 420 Stoicis
794 385 821 419 est
834 384 862 419 di·

77 447 157 490 uulgata.
511 444 512 449 ’

153 624 177 665 9.
192 647 200 654 -
217 623 356 672 Quaenam
373 622 474 665 veritas
492 621 630 675 competat
647 619 783 662 sensibus.

131 755 146 793 i.
160 755 293 795 Sinceritas
308 754 418 793 veritatis
434 765 483 792 non
499 751 564 803 apud
580 762 675 791 sensus.
685 773 692 780 -
703 753 784 793 Contra
792 753 861 793 Acad.

79 821 113 866 ΙΙΙ,
129 822 156 864 xi,
168 821 203 858 26:
220 820 273 868 Age,
289 822 305 858 si
321 821 376 858 dicat
391 820 507 866 Epicureus
521 819 638 866 quispiam:
655 818 706 856 nihil
722 816 792 856 habeo
802 817 862 864 quod

78 886 104 927 de
125 885 222 927 sensibus
243 897 371 935 consueram
388 883 487 933 iniustum
503 886 534 926 est
551 882 607 925 enim
622 881 649 924 ab
664 883 694 924 eis
709 881 793 932 exigere
815 880 863 933 plus

78 963 141 999 quam
157 954 256 999 possunt;
272 951 461 999 ququuidautem
477 952 566 998 possunt
583 950 654 988 videre
669 949 733 995 oculi,
744 960 818 988 verum
833 949 863 988 vi·

78 1016 135 1053 dent.
152 1014 236 1062 Ergone
251 1025 323 1053 verum
339 1017 370 1052 est
380 1014 438 1061 quod
453 1014 479 1052 de
494 1024 553 1052 remo
569 1014 589 1051 in
604 1024 658 1060 aqua
673 1012 759 1051 vident?
774 1012 863 1050 Prorsus

78 1092 159 1121 verum.
173 1081 228 1120 Nam
251 1092 314 1120 causa
333 1079 445 1120 accedente
467 1091 532 1128 quare
547 1079 574 1119 ita
588 1078 702 1126 videretur,
718 1077 734 1118 si
753 1076 863 1119 demersus

79 1145 134 1183 unda
149 1156 220 1183 remus
235 1148 303 1183 rectus
324 1147 441 1192 appareret,
458 1145 526 1191 magis
540 1143 615 1183 oculos
630 1154 690 1182 meos
705 1143 769 1182 falsae
787 1154 862 1181 renun-

78 1207 170 1247 tiationis
184 1218 302 1256 arguerem.
314 1207 363 1247 Non
374 1207 430 1246 enim
441 1197 536 1246 viderent
550 1206 608 1255 quod
623 1205 700 1245 talibus
715 1204 864 1245 exsistentibus

78 1275 146 1314 causis
168 1274 283 1314 videndum
298 1274 344 1314 tuit.
361 1273 419 1320 Quid
441 1274 512 1314 multis
533 1285 588 1323 opus
606 1273 654 1314 est?
670 1272 718 1313 Hoc
732 1272 759 1313 de
773 1273 862 1313 turrium

78 1342 145 1384 motu,
162 1340 203 1377 hoc
217 1339 243 1376 de
259 1339 351 1386 pinnulis
372 1339 450 1384 avium,
469 1339 510 1378 hoc
529 1339 555 1377 de
577 1339 651 1377 ceteris
673 1333 864 1377 innumerabilibus

78 1402 119 1443 dici
135 1404 211 1452 potest.
226 1401 271 1452 Ego
286 1404 356 1443 tamen
371 1401 433 1443 lallor
443 1402 460 1443 si
471 1402 579 1450 assentiar,
591 1402 619 1443 ait
629 1401 743 1453 quispiam.
755 1401 804 1443 Noli
816 1401 863 1452 plus

79 1470 181 1515 assentiri,
197 1481 260 1516 quam
277 1472 299 1507 ut
309 1470 336 1508 ita
346 1469 383 1508 tibi
399 1481 501 1517 apparere
516 1470 651 1517 persuadeas,
663 1472 683 1508 et
693 1468 750 1508 nulla
765 1469 863 1517 deceptio

66 1535 117 1570 'est
133 1533 182 1571 Non
197 1533 253 1570 enim
269 1533 331 1570 video
346 1533 457 1579 quomodo
473 1532 553 1571 refellat
567 1532 707 1571 Academicus
722 1544 770 1571 eum
786 1532 864 1580 quidi-

79 1597 116 1638 cit:
132 1595 173 1638 hoc
188 1595 238 1637 mihi
261 1595 374 1638 candidum
396 1596 461 1638 videri
483 1596 538 1646 sci03
554 1595 596 1639 hoc
611 1595 661 1638 mihi
677 1608 751 1648 sapere
774 1596 864 1638 dulciter

79 1665 135 1708 sci0;
152 1663 192 1702 hoc
207 1663 258 1701 mihi
274 1675 319 1701 esse
334 1663 435 1710 frigidum
450 1664 502 1702 scio.

132 1726 166 1764 De
183 1726 235 1764 Vera
249 1726 295 1769 Rel.
311 1727 381 1772 xxxiii,
397 1726 432 1764 62:
449 1726 490 1764 Sed
505 1738 531 1765 ne
547 1727 586 1774 ipsi
602 1726 688 1774 quidem
704 1727 760 1765 oculi
775 1727 862 1773 fallunt;

80 1793 189 1832 nonenim
205 1792 323 1832 renuntiare
335 1795 424 1841 possunt
434 1792 506 1832 animo
517 1793 555 1846 nisi
567 1791 702 1833 allectionem
717 1805 785 1834 suam.
797 1792 863 1841 Quod

79 1858 96 1894 si
112 1867 154 1894 non
169 1856 238 1894 solum
254 1857 301 1903 ipsi,
317 1857 354 1894 sed
370 1857 432 1894 etiam
453 1868 528 1895 omnes
542 1858 639 1904 corporis
655 1869 730 1896 sensus
745 1859 772 1897 ita
788 1870 864 1897 renun-

79 1919 131 1958 tiant
141 1921 163 1958 ut
173 1918 300 1966 alliciuntur,
312 1919 363 1968 quid
374 1918 400 1958 ab
410 1920 440 1959 eis
450 1920 541 1968 amplius
556 1919 640 1970 exigere
650 1919 766 1960 debeamus
777 1922 862 1970 ignom.

80 1986 140 2024 Tolle
153 1986 222 2034 itaque
233 1986 356 2032 vanitantes,
368 1988 388 2025 et
398 1987 455 2026 nulla
465 1987 503 2026 erit
513 1988 601 2027 vanitas.
613 1987 633 2027 Si
644 1988 692 2036 quis
702 2000 784 2028 remum
795 1988 863 2038 frangi

81 2050 102 2086 in
117 2060 170 2095 aqua
192 2050 297 2095 opinatur,
313 2051 395 2087 etcum
411 2050 460 2088 inde
481 2051 574 2089 auiertur
596 2052 702 2098 integrari,
719 2063 762 2090 non
784 2053 863 2091 malum

81 2111 144 2153 habet
158 2112 317 2161 internuntium,
333 2112 370 2153 sed
385 2112 453 2154 malus
467 2115 498 2154 est
512 2112 583 2163 iudex.

134 2180 167 2219 De
181 2180 230 2219 Diu.
248 2180 326 2228 Qaaes.
342 2181 375 2226 83,
391 2192 427 2228 qu.
443 2180 560 2221 ix:·Omne
575 2182 634 2229 quod
651 2194 768 2231 corporeus
789 2196 864 2225 sensus

81 2243 170 2289 attingit,
187 2243 245 2290 quod
260 2246 280 2281 et
294 2243 393 2281 sensibile
408 2244 490 2288 dicitur.
502 2246 547 2283 sine
557 2244 600 2283 ulla
610 2246 767 2285 intermissione
781 2251 864 2295 tempo-

81 2307 109 2348 ris
123 2308 303 2348 commutatur...
319 2305 385 2355 Quod
399 2309 468 2349 autem
485 2319 528 2350 non
543 2311 620 2358 manet,
633 2310 712 2361 percipi
724 2322 767 2353 non
783 2314 863 2363 potest;

82 2374 132 2412 illud
143 2375 199 2412 enim
211 2375 324 2421 percipitur
334 2374 392 2421 quod
402 2375 489 2413 scientia
499 2364 693 2423 comprehenditur.
703 2378 863 2427 Comprehendi

81 2439 150 2474 autem
166 2447 209 2474 non
225 2439 294 2482 potest
308 2437 366 2483 quod
380 2437 425 2474 sine
441 2438 595 2477 intermissione
611 2442 709 2479 mutatur.
721 2442 771 2480 Non
784 2445 815 2481 est
826 2444 864 2490 igi-

81 2503 114 2542 tur
129 2499 268 2551 exspectanda
283 2500 390 2542 sinceritas
405 2501 496 2542 veritatis
507 2514 518 2543 a
528 2501 624 2545 sensibus
639 2505 742 2556 corporis.
754 2539 774 2549 ..
798 2502 864 2557 {lusu-

82 2564 126 2617 per]
143 2567 193 2606 illud
208 2570 264 2606 certe
279 2578 342 2606 nemo
357 2570 388 2606 est
403 2569 438 2615 qui
454 2580 496 2606 non
511 2572 599 2616 cogatur
611 2571 678 2618 lateri,
690 2573 742 2612 nihil
757 2561 803 2614 esse
818 2587 864 2615 sen·
