1768 2978
51 105 75 139 42
133 106 159 139 ll.
172 124 179 129 ·
193 111 236 140 NON
250 112 360 154 SENSlBlLlA
375 110 444 144 NEQUE
458 110 483 137 fix
497 106 633 136 SENSlBlLlBUS
650 104 757 135 ATTRACTA
827 141 829 143 Ι

52 224 102 273 quid
118 225 272 273 responderes?
290 237 315 264 an
333 226 355 263 tu
374 234 460 272 quoque
478 221 499 261 id
517 221 592 270 putas?
610 219 633 258 Ε.
652 218 717 258 Nullo
733 217 799 258 modo
815 217 836 258 id

52 291 177 337 putaverim.
193 290 243 329 Non
254 290 310 339 enim
325 290 341 327 si
357 299 420 328 sensu
431 287 527 335 corporis
541 284 624 334 percepi
636 294 744 329 numeros.
757 281 836 323 idcirco

52 354 114 393 etiam
126 355 228 394 rationem
241 354 358 402 partitionis
369 362 506 391 numerorum
517 350 549 390 vel
560 348 702 398 copulationis
714 359 778 387 sensu
790 359 836 387 cor-

52 419 110 466 poris
125 417 233 467 percipere
244 419 329 467 potui...
346 418 371 457 Et
385 415 489 465 quidquid
500 426 563 455 sensu
578 413 675 462 corporis
687 415 760 472 tango,
772 412 836 452 veluti

52 486 83 523 est
97 483 138 523 hoc
153 484 234 523 caelum
250 485 270 523 et
285 483 336 522 haec
346 485 407 529 terra,
419 483 440 521 et
451 491 598 530 quaecumque
614 479 634 518 in
649 478 680 519 eis
694 478 734 518 alia
745 489 837 527 corpora

52 549 128 596 sentio,
145 549 246 597 quamdiu
261 548 330 588 futura
341 549 382 588 sint
392 547 471 587 nescio.
488 545 572 595 Septem
588 546 658 585 autem
674 546 694 584 et
708 544 747 584 tria
762 544 836 584 decem

52 617 107 661 sunt,
123 618 144 654 et
158 626 201 654 non
216 615 285 654 solum
303 626 359 654 nunc
376 613 414 653 sed
432 613 495 652 etiam
513 623 605 660 semper,
621 621 691 660 neque
708 609 752 650 ullo
770 610 837 651 modo

52 680 167 729 aliquando
175 683 256 730 septem
267 683 287 720 et
297 680 336 720 tria
346 691 388 720 non
399 679 484 719 iuerunt
492 678 574 725 decem,
584 679 619 717 aut
629 675 744 725 aliquando
755 678 837 725 septem

53 748 73 785 et
87 746 125 785 tria
140 745 183 785 n'on
198 748 258 786 erunt
274 746 373 786 decem...
432 784 436 789 ,

105 813 138 851 22.
154 810 179 851 Α.
196 811 245 851 Νοη
260 812 334 851 resisto
349 811 386 850 tibi
402 810 511 860 verissima
526 812 546 849 et
560 808 677 849 certissima
690 807 836 856 respondenti.

53 875 94 916 Sed
105 877 163 925 ipsos
173 888 259 925 quoque
270 887 370 916 numeros
381 887 424 915 non
435 887 472 923 per
482 874 578 923 corporis
588 885 663 913 sensus
672 875 777 913 attractos
792 885 838 925 esse

52 941 113 981 facile
123 941 212 988 videbis,
221 942 238 981 si
249 942 375 990 cogitaveris
384 940 500 989 quemlibet
510 951 622 979 numerum
633 941 664 979 tot
674 939 745 979 vocari
754 939 839 987 quoties

53 1018 118 1046 unum
134 1006 239 1047 habuerit:
256 1019 276 1046 ν.
288 1001 309 1055 ξ.
321 1007 337 1045 si
349 1006 382 1046 bis
392 1006 488 1046 habuerit
499 1016 573 1051 unum,
585 1005 629 1044 duo
639 1007 753 1051 vocantur;
768 1004 785 1044 si
799 1006 837 1051 ter,

53 1073 102 1118 tria;
118 1075 138 1111 et
152 1072 168 1111 si
184 1072 255 1111 decies
269 1083 336 1111 unum
346 1071 432 1118 habent,
444 1073 494 1110 tnnc
504 1073 607 1110 vocantur
617 1070 702 1116 decem;
719 1072 739 1109 et
750 1069 839 1118 quilibet

53 1137 142 1176 omnino
157 1148 257 1176 numerus
272 1137 355 1184 quoties
366 1135 429 1175 babet
439 1147 513 1182 unum,
525 1135 574 1174 binc
589 1134 617 1174 illi
633 1146 712 1174 nomen
727 1137 758 1174 est
773 1136 793 1174 et
808 1136 839 1174 tot

53 1201 177 1250 appellatur.
189 1201 262 1242 Unum
273 1212 324 1241 vero
334 1201 431 1249 quisquis
439 1201 548 1240 verissime
556 1201 642 1248 cogitat,
653 1199 749 1248 proiecto
760 1200 840 1239 invenit

53 1266 149 1313 corporis
166 1265 264 1306 sensibus
281 1277 324 1305 non
343 1277 406 1314 posse
424 1265 503 1305 sentiri.
523 1264 635 1313 Quidquid
653 1264 709 1304 enim
725 1264 760 1319 tali
775 1276 839 1304 sensu

54 1331 169 1378 attingitur,
186 1331 226 1369 iam
238 1341 280 1385 non
292 1341 357 1369 unum
368 1329 405 1369 sed
417 1330 482 1369 multa
497 1341 543 1369 esse
558 1329 701 1369 convincitur:
718 1340 796 1378 corpus
809 1330 840 1369 est

53 1396 118 1442 enim,
134 1397 154 1434 et
169 1395 217 1434 ideo
233 1394 296 1434 habet
310 1394 475 1434 innumerabiles
490 1397 567 1442 partes.

46 1456 48 1458 ’
106 1460 141 1498 De
156 1459 208 1499 Vera
217 1459 264 1504 Rel.
280 1472 326 1506 xxx,
343 1461 378 1499 55:
395 1458 436 1499 Sed
451 1471 499 1498 cum
516 1459 536 1498 in
552 1458 653 1498 omnibus
668 1459 748 1499 artibus
763 1470 840 1498 conve-

54 1524 132 1563 nientia
147 1524 222 1572 placet,
238 1535 337 1572 quauna
351 1523 408 1563 salva
423 1526 443 1563 et
458 1523 545 1572 pulchra
559 1525 608 1563 sunt
625 1524 708 1570 omnia;
727 1524 773 1572 ipsa
789 1534 840 1563 vero

54 1589 201 1627 convenientia
218 1588 365 1636 aequalitatem
383 1589 532 1635 unitatemque>
545 1590 637 1636 appetat,
654 1588 686 1627 vel
701 1587 840 1627 similitudine

55 1653 137 1700 parium
148 1654 238 1701 partium
249 1653 282 1692 vel
293 1653 417 1701 gradatione
432 1653 560 1702 disparium;
576 1653 624 1701 quis
638 1655 669 1693 est
684 1654 719 1701 qui
733 1664 840 1692 summam

55 1718 201 1765 aequalitatem
217 1718 249 1757 vel
264 1717 424 1757 similitudinem
437 1718 457 1756 in
468 1717 595 1766 corporibus
610 1718 709 1765 inveniat,
721 1718 841 1767 audeatque

56 1782 133 1830 dicere,
149 1794 196 1822 cum
213 1783 325 1833 diligenter
341 1778 634 1833 consideraverit*quodlibet
651 1796 737 1840 corpus,
753 1796 802 1824 vere
817 1796 841 1824 ac
866 1813 867 1816 ,

55 1848 179 1896 simpliciter
196 1861 261 1889 unum
280 1849 339 1889 esse?
357 1861 404 1889 cum
424 1850 496 1890 omnia
513 1850 545 1889 vel
564 1849 590 1890 de
608 1850 680 1899 specie
698 1851 718 1890 in
737 1850 840 1899 speciem,

57 1914 88 1953 vel
104 1914 192 1957 deloco
208 1915 228 1953 in
239 1915 309 1955 locum
320 1915 449 1955 transeundo
467 1907 581 1963 mutentur,
597 1918 617 1956 et
632 1916 727 1965 partibus
744 1918 842 1959 constent

57 1991 94 2019 sua
113 1979 159 2019 loca
179 1979 331 2027 obtinentibus,
350 1992 387 2029 per
406 1992 460 2029 qnae
480 1982 500 2020 in
520 1982 588 2030 spatia
607 1981 690 2022 diversa
709 1981 840 2022 dividuntur.

58 2044 124 2084 Porro
139 2045 184 2092 ipsa
198 2057 247 2084 vera
257 2045 371 2093 aequalitas
382 2057 406 2085 ac
416 2046 541 2093 similitudo,
553 2049 616 2096 atque
627 2047 672 2096 ipsa
682 2059 731 2087 vera
742 2034 763 2087 et
773 2048 842 2097 prima

57 2110 133 2156 unitas,
144 2121 187 2149 non
203 2110 269 2149 oculis
284 2111 372 2158 carneis,
383 2123 453 2160 neque
468 2111 511 2151 ullo
524 2111 558 2152 tali
570 2124 641 2160 sensu,
652 2112 690 2153 sed
701 2115 772 2166 mente
783 2113 842 2153 intel·

57 2174 110 2214 lecta
120 2175 256 2223 conspicitur.
272 2175 335 2216 Unde
345 2177 401 2216 enim
413 2177 574 2227 qualiscumque
585 2179 605 2218 in
616 2179 743 2228 corporibus
756 2176 842 2229 appete-

58 2242 114 2279 retur
128 2240 249 2288 aequalitas,
261 2243 296 2279 aut
311 2241 367 2280 unde
378 2242 538 2282 convinceretur
548 2242 612 2292 longe
624 2243 739 2298 plurimum
755 2243 842 2284 diiierre

57 2316 68 2343 a
84 2304 182 2353 periecta‚
199 2305 238 2344 nisi
254 2317 278 2345 ea
293 2317 347 2353 quae
362 2306 454 2355 perfecta
469 2309 500 2347 est
515 2310 585 2348 mente
600 2308 721 2352 videretur?

105 2422 125 2447 a.
142 2413 161 2448 ln
178 2413 298 2458 syllogismo:
318 2414 391 2450 numeri
410 2417 496 2451 constant
515 2416 617 2452 unitatibus
635 2419 663 2453 tot
681 2418 771 2463 sumptis;
790 2418 842 2464 atqui

58 2471 109 2507 nulla
121 2482 165 2506 vera
178 2471 238 2506 unitas
251 2472 270 2507 in
283 2472 401 2517 corporibus,
415 2484 463 2519 quae
480 2476 567 2511 constant
580 2486 603 2511 ex
619 2476 703 2521 partibus
720 2488 796 2523 semper
809 2478 843 2513 mi·

58 2530 145 2574 noribus;
159 2541 205 2576 ergo
218 2530 283 2566 notitia
296 2533 360 2567 nostra
371 2542 495 2576 numerorum
508 2545 548 2570 non
561 2535 641 2571 hahetur
653 2547 664 2572 a
677 2537 795 2583 corporibus.
805 2538 842 2574 Ex·

59 2589 138 2634 plicatur
150 2600 179 2625 res
192 2590 302 2635 praesertim
314 2590 333 2626 in
345 2591 376 2627 De
388 2591 428 2627 Lib.
440 2592 485 2628 Art.
499 2593 521 2637 ll,
534 2594 570 2638 viii,
583 2596 612 2630 22.
