1768 2978
230 60 248 97 5.
260 79 268 87 ·
280 67 318 101 dor
331 68 422 99 ousrrxr
433 71 521 105 acronio
533 72 599 102 uovrr
658 95 660 97 .
785 66 807 102 1³

21 185 118 228 dubitare
136 194 159 222 se
177 180 290 231 intelligit3
309 183 327 223 si
344 182 434 231 dubitat,
452 187 521 226 certus
540 197 587 227 esse
604 185 662 234 vult;
679 187 696 226 si
716 186 806 234 dubitat,

21 249 112 299 cogitat;
130 247 147 287 si
165 246 256 295 dubitat,
274 248 314 288 scit
330 259 353 288 se
372 249 465 298 nescire;
483 251 500 290 si
519 250 608 298 dubitat,
628 250 708 298 judicat
724 262 767 291 non
785 263 808 301 se

21 319 100 357 temere
114 312 236 352 consentire
252 314 360 361 oportere.
376 312 480 364 Quisquis
495 315 559 364 igitur
573 315 658 355 aliunde
676 315 765 361 dubitat,
781 316 808 355 de

20 381 53 421 his
66 376 171 429 ¹omnibus
188 375 286 417 dubitare
303 389 346 417 non
364 377 437 432 debet:
459 391 513 428 quae
530 381 546 419 si
564 391 608 419 non
625 382 703 426 essent,
722 380 749 419 de
766 380 808 419 ulla

21 458 47 494 re
57 442 155 484 dubitare
170 454 212 483 non
229 444 309 492 posset.
326 453 328 458 ·

53 552 56 557 ,
74 509 107 549 De
124 507 181 548 Tria.
197 508 243 556 XV,
261 509 297 555 xii.
315 510 339 548 21
359 507 441 554 (contra
458 509 617 556 Academicosl:
637 511 735 559 Exceptis
751 512 807 550 enim

14 588 75 627 ‘quae
85 575 106 615 in
117 574 212 614 animum
224 575 311 614 veniunt
321 586 333 614 a
343 575 441 615 sensibus
451 577 555 624 corporis,
567 576 588 615 in
601 576 679 625 quibus
689 578 731 616 tarn
743 576 809 616 multa

20 642 144 693 alitersunt
161 639 367 689 quamvidcntur...
378 630 486 690 quantum
504 653 574 681 rerum
592 644 687 692 remanet
704 641 763 690 quod
781 642 808 681 ita

20 709 112 748 sciamus
126 706 181 745 sicut
195 717 235 746 nos
250 706 320 746 vivere
335 706 429 746 scimus?
445 707 467 746 ln
482 703 526 755 qu'o
541 719 629 755 prorsus
639 719 682 747 non
694 707 809 747 metuimus

20 786 49 814 ne
63 772 133 821 aliqua
152 771 337 811 verisimilitudine
356 771 414 812 tortev
430 761 535 819 fallamur,
554 773 656 821 quoniam
676 775 757 812 certum
777 774 809 812 est

20 839 82 878 etiam
98 848 147 876 eum
162 836 198 885 qui
209 836 288 876 fallitur
298 837 393 876 vivere...
410 837 486 877 lntirna
495 837 583 877 scientia
593 839 625 877 est
635 849 677 886 qua
688 849 728 881 nos
738 838 809 877 vivere
836 865 838 868 -

19 903 105 948 scimus,
117 900 153 939 ubi
168 913 195 940 ne
210 900 262 940 illud
277 900 365 949 quidem
379 900 521 941 Academicus
536 901 606 941 dicere
622 904 702 950 potest:
718 901 807 941 tortasse

20 966 126 1007 dormis...
142 965 195 1005 turis
209 965 306 1006 fortassis
321 968 341 1005 et
356 966 437 1013 nescis;
453 967 503 1015 quia
518 978 619 1006 sanorum
635 967 685 1007 visis
700 963 807 1006 simillima

20 1034 68 1072 sunt
82 1032 145 1071 etiam
161 1032 206 1071 visa
220 1030 344 1070 furentium.
360 1029 402 1071 Sed
417 1032 452 1079 qui
468 1031 518 1071 furit
533 1032 598 1078 vivit3
614 1043 653 1071 nec
668 1034 742 1071 contra
756 1030 808 1071 Aca·

20 1097 116 1137 demicos
126 1096 189 1136 dicit:
205 1097 250 1136 scio
261 1108 349 1136 menon
360 1095 437 1143 lutere,
449 1096 487 1136 sed
497 1097 542 1136 scio
553 1108 587 1136 me
598 1097 676 1136 vivere.
692 1097 807 1145 Nunquam
870 1149 872 1152 .

19 1174 71 1211 ergo
85 1161 128 1202 talli
145 1173 185 1202 nec
200 1162 283 1202 mentiri
300 1164 377 1211 potest,
394 1162 430 1210 qui
445 1174 468 1201 se
482 1162 553 1202 vivere
568 1162 643 1202 dixerit
658 1162 719 1202 scire.

72 1292 93 1317 a.
107 1283 227 1319 Praeclarum
237 1282 339 1328 Augustini
348 1282 452 1318 inventum.
462 1283 499 1319 Vix
507 1283 626 1319 subobscure
635 1283 719 1319 innuitur
727 1284 745 1318 in
755 1283 807 1319 libris

21 1342 93 1378 Contra
101 1341 167 1385 Acad,
182 1342 212 1385 111,
221 1341 246 1386 ix,
257 1341 359 1387 19;paulo
373 1341 434 1386 magis
447 1342 466 1377 in
479 1341 564 1385 3011111,
577 1342 614 1386 1,1;
627 1341 658 1377 De
666 1342 726 1378 Beata
738 1341 780 1378 Vita
789 1342 807 1385 11,

19 1401 50 1437 De
57 1400 97 1436 Lib.
106 1400 152 1436 Aah.
167 1402 179 1445 1,
192 1401 215 1445 vi,
230 1401 257 1437 16.
271 1400 326 1437 Clare
339 1402 418 1447 apparet
430 1400 449 1436 in
462 1401 493 1436 De
500 1401 542 1436 Lib.
550 1397 597 1437 Ari.
611 1402 632 1444 11,
645 1401 670 1445 111,
683 1402 699 1436 7.
713 1402 761 1437 Tota
773 1412 807 1437 sua

20 1449 144 1505 amplitudine
157 1460 263 1506 explicatur
273 1460 292 1495 in
301 1460 393 1506 operibus
402 1460 549 1505 posterioribus:
562 1460 595 1496 De'
603 1461 653 1496 Trin.
661 1461 685 1504 Χ,
695 1472 719 1505 x,.
726 1459 774 1503 XIV,
783 1461 807 1503 vi,

20 1519 59 1564 XV,
68 1519 104 1564 xli·,
117 1520 205 1568 Decea.
214 1520 242 1555 ad
249 1519 285 1555 Lit.
295 1520 334 1563 Vll,
344 1520 383 1564 xxi,
396 1521 425 1563 2&
438 1520 461 1555 ct.
475 1519 531 1555 etiarn
544 1519 620 1555 Enclrir.
633 1531 665 1555 xx.
679 1519 807 1565 Nequaquam

19 1578 75 1624 igitur
87 1581 115 1615 est
125 1580 232 1629 cogitatum
246 1579 300 1625 quasi
314 1575 376 1615 obiter
388 1579 412 1614 ab
426 1578 448 1615 a.
462 1579 558 1623 emissum,
568 1579 622 1625 cujus
636 1581 754 1615 momentum
768 1589 807 1614 non

20 1638 142 1683 perspexerit.
156 1638 201 1674 Non
215 1639 278 1674 minus
291 1649 349 1685 quam
363 1638 458 1675 Cartesius
468 1638 509 1683 ejus
518 1640 637 1674 momentum
646 1638 737 1674 intellexit
749 1638 808 1684 idque

20 1697 99 1742 exponit
112 1698 172 1734 modo
185 1698 241 1735 valde
254 1698 343 1744 analogo.
739 1720 740 1723 =

74 1755 94 1791 b.
108 1757 264 1803 Manifestissime
273 1758 334 1803 agitur
341 1758 367 1800 ‚de
376 1757 444 1793 intuitu
453 1757 573 1801 immediato,
583 1757 606 1793 ct.
615 1757 646 1793 De
656 1757 707 1793 Trin.
716 1758 747 1801 lX,
756 1757 781 1801 iii,
790 1758 809 1793 3:
850 1785 853 1789 .

21 1817 69 1861 «aut
81 1816 96 1852 si
110 1816 212 1863 quisquam
226 1817 272 1853 dicit
284 1827 308 1853 ex
321 1817 387 1853 notitia
403 1817 486 1862 generali
500 1814 528 1853 vel
542 1817 619 1862 speciali
633 1818 717 1853 mentem
733 1817 809 1864 credere

20 1884 40 1909 se
52 1885 94 1910 esse
106 1876 164 1912 talem
177 1876 244 1922 quales
257 1877 303 1912 alias
312 1879 390 1922 experta
399 1878 432 1919 est,
441 1879 459 1912 et
471 1876 516 1912 ideo
529 1886 593 1912 amare
605 1887 626 1911 sc
639 1877 705 1921 ipsam,
719 1875 810 1921 insipien-

19 1933 91 1969 tissime
104 1935 189 1981 loquitur
197 1950 212 1970 ι).
226 1936 298 1971 Notatu
312 1935 392 1981 dignum
406 1936 434 1971 est
447 1935 484 1970 troc
499 1935 592 1981 imprimis
607 1935 713 1970 secundum
727 1934 749 1970 Α.
762 1935 810 1970 scire

20 1990 119 2028 hominem
133 1994 165 2039 qui
179 1994 258 2038 dubitat,
271 1988 292 2030 se
306 1994 370 2030 vivere.

73 2058 94 2086 c:
106 2053 200 2090 Tcxtibus
211 2053 251 2097 jarn
262 2054 322 2090 citatis
331 2064 355 2089 ex
364 2054 414 2090 tacto
427 2054 481 2100 quod
495 2053 605 2089 dubitamus
614 2064 654 2089 non
663 2054 736 2089 lantum
749 2053 811 2089 elucet

20 2118 55 2145 nos
70 2110 142 2157 aliquid
157 2114 209 2149 certo
224 2113 278 2158 scire,
291 2113 325 2149 sed
341 2114 400 2149 multa
415 2113 503 2159 exposita
518 2115 562 2149 sunt
577 2124 627 2159 quae
642 2113 670 2148 vel
686 2123 710 2148 eo
725 2113 768 2158 ipso
781 2112 810 2148 vel

20 2168 89 2204 exinde
102 2172 247 2216 cognoscimus:
265 2182 301 2207 nos
314 2183 363 2216 esse,
376 2173 444 2216 vivere,
457 2172 546 2217 cogitare,
559 2172 616 2215 velle;
630 2172 755 2216 praestantius
769 2181 811 2207 esse

20 2226 123 2274 intelligere
136 2241 194 2276 quarn
203 2232 294 2268 exsistere
307 2233 326 2267 et
338 2231 409 2275 vivere;
425 2232 487 2278 qualis
499 2232 523 2267 sit
535 2232 554 2266 et
563 2242 602 2267 non
611 2231 634 2266 sit
643 2232 684 2277 ipsa
694 2241 748 2266 mens
761 2241 812 2275 quac

20 2287 101 2333 dubitat;
110 2291 213 2335 quomodo
222 2292 284 2328 statim
294 2302 317 2327 ex
327 2291 387 2327 dubio
397 2291 420 2326 ad
430 2289 562 2327 certitudinem
572 2291 596 2326 dc
605 2291 688 2326 Veritate
696 2291 811 2326 subsistentc

20 2349 38 2383 et
50 2346 169 2387 illuminante
183 2346 330 2397 assurgendum.
346 2350 410 2393 Quare
423 2351 471 2386 alios
484 2351 597 2386 textuslroc
611 2350 654 2385 loco
670 2350 810 2395 subjungemus

20 2407 52 2451 qui
66 2406 152 2446 naturam
166 2411 241 2447 animae
254 2411 355 2456 cogitantis
368 2422 392 2446 ex
405 2411 446 2456 ipsa
460 2410 501 2456 ejus
514 2410 630 2454 cogitatione
644 2410 738 2445 evolvunt.
797 2425 798 2428 ¹
