1768 2978
296 76 324 112 39.
338 94 345 101 -
359 82 386 112 DE
399 83 480 112 LUMiNE
496 81 641 111 INTELLlGlBlLl

75 224 76 227 ,
128 204 150 231 ν.
160 190 249 244 Agitur
259 191 290 233 de
300 191 509 244 quodam'intuitu
521 192 575 232 sine
585 189 741 231 intermedio.
748 216 756 223 -
764 194 799 235 De
810 195 867 239 Vera‘

73 259 121 305 Rel.
136 260 165 307 lv,
184 261 232 301 113:
253 261 336 309 Religet
355 272 407 310 ergo
426 272 466 300 nos
485 260 561 309 religio
580 260 616 299 uni
636 260 779 308 omnipotenti
803 260 860 310 Deo;

74 325 124 373 quia
139 326 193 366 inter
207 328 300 366 mentem
322 327 416 366 nostram
432 337 474 375 qua
489 325 547 365 illum
566 318 705 374 intelligimus
727 323 820 373 Patrem,
842 332 862 370 et

74 391 192 438 veritatem,
209 391 222 430 i.
239 403 257 430 e.
274 391 342 430 lucem
361 391 482 430 interiorem
502 402 540 439 per
557 401 621 439 quam
639 389 699 429 illum
715 389 860 441 intelligimus¹

74 456 132 496 nulla
149 445 273 505 interposita
294 458 389 496 creatura
404 459 442 496 est.
458 455 531 502 Quare
553 456 621 505 ipsam
643 466 730 504 quoque
752 456 861 498 veritatem

73 521 131 561 nulla
153 533 178 560 ex
199 524 258 570 parte
282 521 406 561 dissimilem
429 522 450 560 in
472 521 520 570 ipso
541 523 562 561 et
583 532 632 560 cum
655 521 703 569 ipso
727 532 860 571 veneremur,

74 598 129 635 quae
143 586 212 626 forma
227 588 258 626 est
272 586 369 626 omnium
391 597 446 635 quae
463 585 489 626 ab
506 598 550 626 uno
567 585 621 626 iacta
638 587 694 632 suni,
713 587 734 625 et
751 585 778 625 ad
795 598 861 628 unum

73 653 175 692 nituntur.
445 694 447 697 ,
553 678 555 680 -

127 717 161 757 De
178 716 234 757 Tria.
251 716 305 763 Vlll‚
321 717 349 764 vi,
364 717 387 756 9:
404 716 478 756 Homo
493 727 546 765 ergo
561 716 597 765 qui
612 715 706 756 creditur
716 716 790 763 iustus,
802 728 861 758 exea

72 783 143 823 iorma
158 785 178 823 et
192 783 279 823 veritate
294 782 395 831 diligitur,
411 794 475 831 quam
493 783 559 822 cernit
574 784 594 822 et
609 781 708 831 intelligit
718 781 775 831 apud
790 794 813 822 se
828 782 862 824 ille

74 848 110 897 qui
126 847 204 896 diligit3
221 848 266 897 ipsa
280 858 331 887 vero
342 847 411 887 iorma
426 850 446 888 et
460 848 544 895 veritas,
554 839 600 887 non
611 849 642 887 est
652 847 765 896 quomodo
776 848 861 889 aliunde

74 912 181 962 diligatur.
197 914 273 962 Neque
287 913 344 953 enim
360 913 479 953 invenimus
494 912 574 962 aliquid
589 912 630 953 tale
647 915 731 962 praeter
747 913 823 962 ipsam.
840 918 862 955 ut

74 991 129 1027 eam,
145 990 193 1019 cum
209 979 317 1028 incognita
336 981 375 1026 est,
395 979 503 1019 credendo
525 978 640 1027 diligamus
655 990 680 1018 ex
694 990 721 1018 eo
738 978 798 1028 quod
820 979 860 1020 iam

73 1038 115 1084 tale
129 1044 209 1093 aliquid
224 1045 330 1085 novimus.
346 1044 459 1093 Quidquid
473 1045 530 1084 enim
545 1044 585 1084 tale
596 1045 711 1093 aspexeris,
723 1044 769 1093 ipsa
784 1038 825 1092 est;
842 1048 861 1086 et

74 1122 117 1150 non
133 1112 164 1150 est
178 1110 294 1159 quidquam
310 1110 358 1157 tale,
375 1111 476 1159 quoniam
491 1110 537 1150 sola
552 1110 597 1159 ipsa
612 1110 659 1150 talis
674 1112 712 1157 est,
728 1109 797 1159 qualis
816 1110 861 1159 ipsa

75 1178 113 1215 est.
432 1213 434 1216 ,

127 1227 162 1280 De
178 1240 234 1290 Tria.
251 1240 286 1288 lX,
302 1240 330 1287 vi,
345 1241 368 1280 9:
387 1240 462 1289 Neque
484 1241 540 1280 enim
563 1240 631 1280 oculis
652 1241 763 1289 corporeis
784 1239 861 1280 multas

75 1309 164 1348 menies,
177 1306 278 1353 videndo,
301 1317 339 1355 per
359 1305 520 1345 similitudinem
542 1297 808 1356 colligimusgeneralem
828 1306 860 1345 vel

74 1372 188 1421 specialem
203 1372 279 1411 mentis
294 1371 399 1411 humanae
414 1372 522 1417 notitiam3
538 1371 576 1411 sed
591 1372 698 1411 intuemur
716 1370 860 1411 inviolabilem

74 1437 191 1484 veritatem,
208 1448 233 1476 ex
247 1448 289 1485 qna
304 1436 403 1485 perfecte,
415 1438 517 1484 quantum
534 1447 657 1485 possumus,
669 1435 805 1483 definiamus,
818 1447 860 1476 non

72 1501 143 1551 qualis
157 1498 185 1542 sit
198 1495 364 1551 uniuscuiusque
379 1497 472 1541 hominis
487 1513 555 1548 mens,
567 1502 605 1542 sed
615 1501 684 1550 qualis
694 1513 741 1541 esse
751 1502 861 1551 sempiter-

72 1568 107 1607 'nis
122 1567 239 1607 rationibus
254 1567 337 1607 debeat.

81 1685 82 1688 Ἴ
130 1633 161 1672 10.
173 1632 236 1673 Unde
246 1632 309 1672 eiiam
321 1631 441 1680 phantasias
452 1643 521 1672 rerum
532 1632 702 1681 corporalium...
714 1632 761 1672 aliis
771 1633 861 1672 omnino

74 1698 153 1746 regulis
167 1709 231 1746 supra
245 1699 338 1736 mentem
355 1700 449 1737 nostram
461 1697 664 1738 incommutabiliter
673 1697 816 1744 manentibus,
828 1698 860 1737 vel

74 1762 193 1812 approbare
208 1762 265 1811 apud
279 1763 423 1811 nosmetipsos
443 1762 475 1803 vel
495 1762 617 1811 improbare
636 1763 791 1816 convincimur,
811 1775 860 1803 cum

75 1830 131 1868 recte
145 1827 224 1877 aliquid
240 1827 384 1876 approbamus
399 1831 435 1868 aut
450 1820 622 1878 improbamus...
639 1829 696 1877 viget
711 1830 732 1868 et
746 1828 811 1869 claret
826 1828 861 1868 de·

75 1904 139 1941 super
153 1893 254 1932 iudicium
269 1894 369 1940 veritatis,
385 1905 410 1933 ac
424 1894 455 1933 sui
471 1894 522 1933 iuris
537 1894 726 1943 incorruptissimis
737 1895 816 1943 regulis
826 1894 860 1934 iir-

74 1969 134 1998 mum
150 1961 188 1998 est.

130 2025 161 2063 11.
178 2024 224 2072 Ipsa
239 2035 290 2063 vero
307 2023 376 2063 iorma
395 2024 534 2064 inconcussae
549 2036 573 2064 ac
587 2024 668 2065 stabilis
688 2025 788 2071 veritatis,
805 2025 860 2064 etin

73 2100 117 2137 qua
131 2089 211 2128 fruerer
225 2089 312 2128 homine
327 2089 408 2129 bonum
423 2101 472 2129 eum
488 2090 585 2139 credens>
600 2092 626 2142 et
635 2092 656 2130 in
671 2103 714 2139 qna
728 2090 819 2130 consulo
838 2092 861 2129 ut

74 2154 145 2194 bonus
159 2154 192 2200 sit,
209 2153 283 2194 eadem
298 2154 344 2194 luce
361 2155 527 2204 incorruptibilis
546 2156 745 2205 sincerissimaeque
764 2155 859 2201 rationis,

75 2222 96 2259 et
110 2230 170 2258 meae
184 2220 261 2259 mentis
275 2222 392 2268 aspectum,
408 2222 428 2259 et
443 2220 500 2260 illam
516 2221 639 2269 phantasiae
654 2222 733 2262 nubem
749 2233 814 2271 quam
825 2220 860 2260 de-

75 2296 139 2332 super
153 2295 225 2330 cerno,
240 2282 291 2324 cum
304 2284 395 2324 eundem
410 2278 519 2326 hominem
535 2298 599 2335 quem
614 2287 709 2327 videram
724 2287 806 2336 cogito,
822 2287 860 2326 im·

74 2344 212 2398 perturbabili
234 2345 357 2389 aeternitate·
376 2350 509 2405 perfundit...
530 2348 603 2400 [Aliter
617 2353 748 2402 operaartis
762 2351 860 2392 sensibus

76 2410 212 2463 percipimus]
228 2414 287 2454 aliter
301 2417 371 2455 antem
382 2416 474 2456 rationes
484 2419 593 2466 artemque
604 2417 740 2458 ineffabiliter
750 2417 860 2467 pulchram

75 2471 148 2535 talium
163 2478 279 2527 figurarum
297 2482 360 2528 super
379 2481 445 2520 aciem
466 2482 542 2522 mentis
561 2482 653 2532 simplici
673 2478 812 2532 intelligentia
827 2494 860 2522 ca·

75 2544 165 2593 pientes.
667 2542 669 2545 ’
840 2544 842 2547 ⁴
