1768 2978
238 70 267 104 2-1,
280 88 287 94 ·
301 77 327 104 oe
340 78 482 117 concurristis
494 79 596 108 ruriuicrs
785 71 808 112 oi

21 187 126 232 videamus,
139 189 158 224 et
169 190 215 225 tunc
227 189 355 236 intelligemus
368 189 414 236 quid
427 190 451 226 sit
463 191 496 227 lux
509 191 628 229 hominum...
642 193 661 229 Si
677 205 723 240 ergo
742 195 809 234 melior

22 245 57 292 [es]
71 253 141 292 pecore
154 248 201 293 quia
211 248 271 285 habes
285 250 368 285 mentem
381 260 419 295 qua
432 250 543 296 intelligas..
556 244 588 288 lux
611 252 711 289 hominum
730 256 758 290 est
776 255 808 290 lux

21 306 120 343 mentium.
134 308 175 343 Lux
189 308 281 344 mentium
294 319 352 354 supra
366 311 439 346 mentes
452 312 497 347 est...
508 325 522 346 ».
534 312 567 347 -De
582 306 629 348 Vera
642 312 682 353 Rel.
691 313 715 349 lii.
726 315 769 350 101:
786 315 807 350 ln

21 365 86 402 inieris
101 381 108 395 r
116 367 168 402 nulla
181 369 294 412 potestesse
303 369 462 405 commemoratio
471 370 558 415 veritatis,
567 371 612 416 quia
622 372 672 407 nulla
682 373 808 417 ratiocinati0;

22 424 67 461 ideo
80 426 132 462 nulla
145 426 262 463 ratiocinatio
276 427 322 472 quia
335 438 374 463 non
388 438 430 464 eam
444 428 540 474 pertundit
552 430 617 466 lumen
626 441 697 476 verum,
707 433 759 477 quod
768 432 808 469 illu·

23 485 82 521 minat
95 495 174 521 ornnem
187 486 310 522 hominem».
323 486 352 524 Ci.
366 498 429 533 supra,
442 486 473 532 19,
488 487 520 524 iii.
587 486 589 488 ’

208 687 239 747 2l.
254 709 261 716 -
277 685 313 728 De
327 687 489 739 conceptibus
504 686 627 741 empiricis

77 802 111 842 De
128 802 185 843 Tria.
196 803 242 850 Vll,
258 804 285 850 iv,
297 805 309 843 7
324 801 446 852 (quomodo
460 805 567 845 credimus
579 806 638 854 quod
656 818 698 846 non
709 807 808 855 vidimus,

24 867 129 917 siquidem
146 868 250 917 imagines
264 880 317 917 quas
332 868 395 909 nobis
409 868 512 918 tingimus
529 881 599 910 rerum
617 871 747 911 creditarum
759 873 809 921 ipsis
861 864 863 868 ⁷

25 933 87 973 rebus
102 936 151 973 sunt
165 932 298 979 dissimilesl:
318 934 394 982 Neque
409 934 429 974 in
444 934 487 974 fide
502 938 573 975 nostra
590 947 653 984 quam
672 936 698 976 de
715 937 809 982 Domino

25 989 71 1038 lesu
86 998 173 1052 Christo
188 999 299 1046 habemus,
311 999 363 1039 illud
378 999 463 1039 salubre
473 1000 573 1049 estquod
588 1000 627 1047 sibi
642 1002 726 1042 animus
739 1002 809 1050 tingit,

24 1063 89 1112 longe
99 1063 188 1104 tortasse
199 1064 258 1104 aliter
268 1076 332 1112 quam
343 1076 376 1104 res
386 1076 409 1104 se
419 1064 489 1111 habet,
501 1065 538 1105 sed
554 1065 605 1105 illud
620 1066 678 1114 quod
693 1066 809 1106 secundum

24 1129 118 1177 speciem
133 1129 160 1169 de
174 1129 262 1169 homine
277 1120 407 1178 cogitamus:
424 1128 527 1170 habemus
542 1131 598 1170 enim
613 1132 673 1179 quasi
688 1131 810 1180 regulariter

24 1193 111 1234 infixam
132 1194 237 1234 humanae
257 1196 343 1234 naturae
364 1195 467 1242 notitiam,
486 1195 603 1235 secundum
624 1208 687 1244 quam
706 1196 809 1245 quidquid

24 1259 65 1299 tale
82 1259 205 1308 aspicimus,
221 1260 291 1300 statim
307 1259 417 1300 hominem
436 1271 482 1300 esse
499 1261 650 1309 cognoscimus
668 1261 700 1301 vel
718 1261 810 1301 hominis

24 1324 124 1364 tonnam.
140 1337 161 1364 v.
173 1324 298 1381 'Secundum
310 1324 364 1365 lianc
373 1325 470 1365 notitiam
481 1326 582 1374 cogitatio
596 1328 667 1365 nostra
677 1326 808 1373 informatur,

24 1401 73 1429 cum
84 1390 191 1431 credimus
202 1401 241 1439 pro
251 1389 314 1430 nobis
323 1389 392 1430 Deum
403 1390 513 1430 hominem
524 1390 628 1431 iactum...
638 1390 672 1430 Sic
682 1393 702 1430 et
712 1391 808 1430 virtutem

25 1455 176 1495 miraculorum
187 1456 254 1504 ipsius
269 1458 289 1495 et
303 1456 463 1495 resurrectionis
473 1456 525 1502 eius,
537 1456 638 1504 quoniam
650 1456 748 1496 novimus
758 1456 809 1504 quid

25 1520 51 1560 sit
68 1521 232 1569 omnipotentia,
248 1521 275 1560 de
293 1521 440 1569 omnipotente
458 1521 505 1560 Deo
523 1520 636 1568 credimus,
656 1524 676 1560 et
692 1520 809 1569 secundum

24 1585 107 1633 specics
122 1588 142 1625 et
156 1597 235 1634 genera
249 1597 319 1625 rerum
330 1585 362 1625 vel
373 1588 447 1625 natura
458 1586 519 1625 insita
529 1585 561 1625 vel
572 1586 700 1632 experientia
714 1585 809 1631 collecta,

25 1650 52 1690 de
66 1650 127 1691 iactis
144 1650 293 1691 huiuscemodi
312 1651 439 1699 cogitamus,
455 1653 478 1690 ut
495 1661 538 1689 non
556 1650 582 1689 sit
597 1650 647 1690 iicta'
659 1649 714 1703 lid-es
730 1652 809 1689 nostra.

25 1715 101 1764 Neque
116 1716 172 1761 enim
188 1717 287 1756 novimus
302 1715 377 1755 taciem
389 1716 476 1764 virginis
491 1715 577 1761 Mariae,
590 1728 615 1754 ex
629 1726 670 1763 qua
686 1714 720 1754 ille
735 1715 811 1754 intacta
843 1737 845 1740 -

25 1792 94 1829 neque
109 1781 130 1820 in
145 1782 193 1829 ipso
209 1783 269 1830 partu
284 1782 383 1829 corrupta
398 1779 521 1820 mirabiliter
531 1782 592 1819 natus
602 1782 658 1819 est...
672 1780 696 1819 Et
706 1782 776 1819 tamen
787 1791 811 1819 ea

26 1841 82 1892 [talia
97 1841 159 1892 iacta]
175 1846 297 1885 firmissime
308 1842 421 1891 credimus,
434 1845 483 1893 quia
493 1844 610 1884 secundum
621 1844 734 1892 specialem
747 1855 812 1892 gene-

26 1910 134 1960 ralemque
152 1911 256 1958 notitiam,
273 1922 327 1959 quae
345 1913 401 1950 certa
418 1909 481 1950 nobis
498 1912 537 1956 est,
553 1910 680 1958 cogitamus.
699 1908 812 1949 Credimus

26 1976 82 2015 enim
98 1975 216 2016 Dominum
232 1975 301 2015 lesum
319 1974 428 2031 Christum
446 1977 518 2014 natum
537 1975 563 2013 de
578 1975 659 2022 virgine
677 1985 731 2022 quae
746 1968 829 2030 illaria·

25 2040 148 2081 vocabatur.
164 2041 223 2088 Quid
238 2042 264 2080 sit
279 2043 348 2080 autem
366 2041 434 2088 virgo,
451 2043 471 2079 et
488 2039 539 2089 quid
557 2040 584 2079 sit
601 2039 666 2084 nasci,
683 2038 769 2086 etquid
786 2039 813 2088 sit

26 2117 104 2146 nomen
121 2106 239 2155 proprium,
256 2117 298 2145 non
314 2105 420 2145 credimus
435 2104 472 2149 sed
482 2116 574 2152 prorsus
590 2105 696 2143 novimus.

79 2172 99 2211 8.
118 2171 237 2218 Quomodo
258 2171 321 2220 igitur
340 2182 386 2210 eam
407 2170 538 2215 Trinitatem,
557 2180 621 2217 quarn
642 2180 685 2208 non
705 2168 815 2213 novimus,

26 2236 134 2276 credendo
149 2236 272 2284 diligimus?
286 2235 451 2284 lin-secundum
466 2234 579 2282 specialem
596 2233 743 2281 generalemve
760 2232 814 2271 noti·

25 2301 84 2347 tiam,
100 2301 218 2341 secundum
233 2312 297 2349 quam
313 2299 422 2348 diligimus
437 2298 558 2346 apostolum
574 2297 677 2337 Paulum?
692 2296 734 2343 Qui
746 2296 813 2336 etiam

25 2366 42 2405 si
58 2377 101 2405 non
116 2378 141 2406 ca
155 2365 209 2406 iacie
223 2365 263 2405 tuit
277 2376 332 2413 quae
346 2364 409 2404 nobis
423 2364 515 2403 occurrit
530 2362 556 2402 de
572 2362 608 2402 illo
623 2360 774 2410 cogitantibus,
793 2362 813 2399 et

26 2431 67 2471 hoc
82 2432 167 2480 penitus
178 2432 309 2479 ignoramus,
322 2430 421 2470 novimus
435 2431 505 2468 tamen
521 2427 572 2476 quid
587 2428 615 2467 sit
628 2426 703 2466 homo.
717 2426 746 2486 Ut
757 2425 813 2465 euim

26 2496 91 2545 longe
106 2507 149 2536 non
164 2507 245 2542 eamus,
261 2495 303 2535 hoc
317 2506 401 2534 sumus:
421 2496 441 2533 et
458 2493 516 2532 illum
535 2492 576 2531 hoc
593 2492 665 2536 tuisse,
682 2493 702 2530 et
720 2491 813 2529 animam
832 2493 833 2496 ’

27 2561 73 2602 eius
87 2562 172 2611 corpori
190 2561 311 2610 copulatam
331 2559 447 2600 mortaliter
465 2558 540 2598 vixisse
560 2555 694 2596 manifestum
712 2557 750 2595 est.
767 2553 815 2593 l·l0c
