1768 2978
62 110 85 145 62
287 110 314 146 19.
328 130 334 136 -
348 118 374 146 ue
388 118 468 147 runrne
482 116 627 146 inreccroiurci

117 232 150 271 55.
162 230 320 281 Concupiverat
330 232 395 279 enim,
404 232 458 272 sicut
467 224 571 271 inExodo
581 230 681 279 legimus,
690 229 763 270 videre
771 229 850 280 Deum;

63 309 107 337 non
122 297 195 346 utique
210 297 264 337 sicut
282 296 362 337 viderat
379 297 399 336 in
415 299 496 344 monte,
512 308 551 336 nec
568 296 623 336 sicut
640 294 726 336 videbat
744 296 764 335 in
783 295 851 336 taber-

63 362 148 410 naculo,
164 363 201 402 sed
217 363 237 401 in
253 374 277 402 ea
291 362 408 402 substantia
423 374 465 411 qua
479 362 538 402 Deus
553 364 609 401 est...
626 373 663 411 per
677 353 771 410 speciem
782 372 850 410 suam,

64 431 167 477 quantum
183 439 229 467 eam
244 439 320 476 capere
335 430 429 467 creatura
443 427 551 467 rationalis
561 429 582 467 et
592 426 739 466 intellectualis
754 428 850 476 potest...
866 446 868 450 ·

64 494 102 532 lll0
117 493 184 532 modo
200 505 259 541 ergo,
276 494 296 532 in
312 493 346 532 illa
361 493 432 541 specie
447 504 488 541 qua
504 492 562 532 Deus
579 495 618 539 est,
634 492 699 540 longe
717 491 852 532 ineffabiliter

27 591 30 595 .
63 559 164 598 secretius
183 561 204 598 et
223 558 354 607 praesentius
373 558 468 607 loquitur
487 558 596 597 locutione
616 557 727 604 ineffabili,
746 556 782 597 ubi
802 569 851 598 eum

64 636 128 664 nemo
138 624 213 663 videns
223 624 278 663 vivet
289 624 330 663 vita
341 624 387 671 ista,
399 635 440 673 qua
451 623 568 663 mortaliter
578 623 655 663 vivitur
666 623 687 662 in
699 622 743 662 istis
754 622 852 663 sensibus

64 691 171 739 corporis3
187 689 224 729 sed
239 690 278 729 nisi
295 689 321 729 ab
336 689 375 729 hac
390 690 431 729 vita
446 689 537 738 quisque
547 688 642 738 quodam
658 688 725 728 modo
740 689 851 737 moriatur,

64 757 108 796 sive
123 756 211 796 omnino
227 756 298 795 exiens
313 754 339 795 de
357 767 455 808 corpore,
471 755 515 795 sive
533 755 561 795 ita
579 766 665 795 aversus
683 757 703 795 ef
721 754 824 795 alienatus
841 768 852 796 a

64 821 183 861 carnalibus
197 820 302 868 sensibus,
314 824 336 861 ut
347 821 422 860 merito
438 821 524 868 nesciat,
536 821 591 861 sicut
600 814 718 870 Apostolus
733 821 769 868 ait,
781 823 851 861 utrum

65 888 85 927 in
96 899 186 936 corpore
197 899 222 926 an
233 889 290 926 extra
301 898 378 935 corpus
393 887 427 934 sit,
438 898 487 926 cum
503 887 523 926 in
535 886 591 926 illam
608 887 688 936 rapitur
698 889 718 926 et
728 886 853 927 subvehitur

65 954 178 993 visionem.

118 1019 178 1068 Epis.
190 1018 282 1058 CLXVll
294 1016 329 1064 lad
340 1013 514 1065 Paulinaml'xiii
530 1019 566 1058 31:
583 1018 666 1058 Deinde
681 1020 751 1067 potest
766 1029 852 1058 movere

66 1085 177 1133 quomodo
193 1085 233 1123 iam
250 1084 295 1133 ipsa
310 1083 349 1123 Dei
369 1083 485 1123 substantia
504 1084 569 1123 videri
589 1084 681 1133 potuerit
697 1096 709 1124 a
724 1083 852 1133 quibusdam

66 1151 86 1189 in
102 1150 141 1189 hac
155 1150 198 1202 vita
212 1149 294 1198 positis,
311 1151 398 1198 propter
415 1149 467 1188 illud
485 1149 543 1198 quod
562 1149 642 1189 dictum
661 1152 692 1189 est
710 1149 736 1189 ad
754 1149 851 1198 Moysen,

25 1268 27 1273 Ι
67 1213 152 1256 ‘Nemo
168 1218 237 1264 potest
251 1214 326 1254 faciem
342 1226 411 1254 meam
427 1215 499 1254 videre
514 1218 534 1255 et
548 1215 644 1255 vivere’:
661 1216 700 1255 nisi
717 1216 767 1264 quia
782 1218 853 1264 potest

66 1282 158 1321 humana
178 1292 238 1320 mens
257 1280 358 1320 divinitus
377 1280 421 1329 rapi
440 1292 465 1319 ex
482 1280 521 1320 hac
539 1281 580 1321 vita
598 1272 625 1320 ad
643 1270 761 1330 angelicam
779 1281 851 1328 vitam,

66 1349 179 1395 antequam
191 1358 228 1395 per
243 1346 303 1385 istam
314 1357 451 1385 communem
463 1348 553 1386 mortem
564 1358 627 1386 carne
637 1346 738 1387 solvatur.
751 1345 785 1387 Sic
795 1346 852 1386 enim

66 1415 138 1461 raptus
157 1415 196 1459 est,
216 1412 251 1460 qui
272 1411 352 1451 audivit
372 1411 414 1451 illic
433 1405 548 1451 ineffabilia
568 1412 631 1452 verba
652 1409 782 1460 [Paulus]....
803 1413 853 1461 quia

66 1490 152 1518 necesse
167 1477 303 1525 estabstrahi
319 1476 345 1516 ab
360 1477 400 1516 hac
414 1477 455 1516 vita
474 1479 575 1524 mentem,
592 1478 679 1526 quando
695 1479 715 1517 in
731 1478 786 1518 illius
801 1477 852 1518 inef-

66 1544 188 1583 fabilitatem
204 1543 292 1582 visionis
306 1542 427 1589 assumitun
443 1545 463 1582 et
478 1554 521 1582 non
539 1543 565 1582 sit
582 1543 706 1583 incredibile
723 1543 851 1592 quibusdam

67 1609 150 1655 sanctis,
162 1608 257 1648 nondum
269 1608 296 1647 ita
307 1607 412 1647 defunctis
426 1610 449 1648 ut
463 1608 586 1657 sepelienda
597 1609 699 1649 cadavera
710 1611 851 1656 remanerent,

67 1675 128 1714 etiam
145 1675 205 1713 istam
221 1673 366 1713 excellentiam
382 1673 517 1713 revelationis
531 1673 597 1714 fuisse
611 1686 744 1726 concessam.

119 1740 153 1779 De
170 1739 226 1778 Tria.
242 1739 287 1785 XV,
303 1729 346 1786 viii,
364 1739 395 1778 14:
412 1739 570 1787 incorporalem
586 1739 725 1780 substantiam
743 1740 788 1780 scio
806 1751 852 1780 esse

67 1805 199 1853 sapientiam,
211 1807 230 1844 et
240 1804 311 1843 lumen
327 1816 372 1843 esse
388 1804 408 1843 in
424 1816 467 1853 quo
482 1804 580 1844 videntur
590 1817 644 1854 quae
655 1806 723 1846 oculis
733 1805 853 1851 carnalibus
870 1817 873 1821 ·

68 1882 110 1909 non
125 1871 229 1909 videntur:
246 1872 266 1909 et
280 1872 351 1908 tamen
366 1870 397 1908 vir
414 1872 484 1920 tantus
500 1873 587 1919 tamque
604 1871 719 1920 spiritualis
734 1866 852 1911 ‘Videmus

68 1947 130 1981 nunc,
147 1936 221 1983 inquit,
239 1947 276 1983 per
289 1935 400 1983 speculum
419 1936 440 1974 in
458 1927 585 1984 aenigmate,
601 1939 651 1976 tunc
669 1939 739 1977 autem
758 1936 812 1984 facie
826 1936 852 1976 ad

67 2000 141 2039 faciem
152 2000 165 2039 ¹.
182 1999 251 2046 Quale
265 2000 291 2039 sit
306 2002 326 2039 et
341 2000 399 2048 quod
414 2001 440 2040 sit
455 2000 496 2040 hoc
506 2001 617 2050 speculum
628 2002 645 2041 si
656 2013 792 2051 quaeramus,
804 2013 852 2051 pro·

68 2065 123 2104 fecto
141 2065 192 2104 illud
210 2066 300 2104 occurrit
318 2065 376 2113 quod
395 2066 415 2105 in
433 2066 521 2114 speculo
540 2067 579 2106 nisi
598 2068 671 2116 imago
688 2079 732 2107 non
752 2068 851 2107 cernitur.

69 2130 116 2170 lloc
131 2142 182 2178 ergo
192 2130 261 2170 iacere
271 2131 340 2170 conati
356 2129 437 2178 sumus,
449 2134 471 2171 ut
487 2144 524 2180 per
539 2133 654 2181 imaginem
670 2132 724 2173 hanc
739 2133 798 2182 quod
813 2144 853 2172 nos

68 2207 148 2242 sumus,
167 2196 287 2235 videremus
304 2198 420 2244 utcumque
438 2209 449 2236 a
467 2209 510 2245 quo
528 2197 576 2237 facti
595 2210 677 2245 sumus,
696 2201 796 2247 tanquam
816 2210 853 2247 per

68 2260 185 2309 speculum.
202 2261 249 2300 lloc
263 2260 369 2309 significat
384 2262 446 2301 etiam
462 2262 514 2302 illucl
531 2263 590 2312 quod
605 2265 633 2304 ait
648 2264 704 2303 idem
724 2263 851 2313 Apostolus:

70 2323 129 2365 ‘Nos
144 2328 213 2365 autem
229 2326 318 2375 gloriam
334 2326 577 2376 Dominispeculantes‚
594 2330 615 2368 in
630 2329 720 2369 eandem
736 2330 852 2378 imaginem

68 2391 243 2430 transformamur
257 2391 283 2430 de
298 2391 365 2439 gloria
376 2393 396 2431 in
407 2392 505 2441 gloriam,
517 2396 618 2443 tanquam
629 2406 641 2434 a
652 2394 739 2434 Domini
755 2395 830 2444 spiritu
838 2394 851 2434 ’.

68 2455 203 2505 speculantes
218 2456 276 2503 dixit,
289 2468 326 2505 per
335 2457 446 2506 speculum
458 2458 561 2506 videntes,
573 2471 616 2499 non
632 2460 658 2500 de
673 2460 759 2509 specula
770 2460 853 2509 prospi-

68 2522 154 2560 cientes.
170 2520 241 2566 Quodv
251 2522 270 2560 in
286 2533 360 2569 graeca
376 2522 505 2571 linguanon
520 2527 552 2564 est
566 2524 700 2573 ambiguum,
716 2525 773 2565 unde
788 2526 809 2565 in
824 2525 852 2564 la·

68 2586 132 2626 tinam
148 2585 259 2625 translatae
274 2589 322 2626 sunt
337 2588 466 2635 apostolicae
482 2589 569 2629 litterae.
590 2589 619 2629 lbi
639 2591 719 2639 quippe
737 2590 851 2639 speculum,
