1768 2978
208 76 236 112 22.
250 96 257 102 -
270 84 296 112 ne
317 84 445 115 IGNORANTIA
459 86 484 114 er
497 87 577 118 sunone
736 129 737 132 Ἴ
761 84 783 119 77

3 208 89 243 ·onum,
105 208 151 237 esse
167 209 239 237 revera
253 196 354 244 malum):
370 200 440 239 statim
455 212 516 240 amor
531 200 572 248 ille,
588 213 631 251 qno
649 204 669 242 in
687 215 735 243 eum
754 204 783 243 te-

0 261 68 309 ebat,
84 261 180 302 oflensus
195 265 215 302 et
230 264 289 311 quasi
305 275 441 312 repercussus
456 267 476 305 et
490 265 516 305 ab
532 265 620 314 indigno
631 258 717 308 bomine
728 268 782 309 abla-

8 339 40 374 us,
51 327 71 366 in
80 339 104 367 ea
112 326 182 367 forma
190 331 307 376 permanet,
319 340 344 369 ex
354 341 396 379 qua
406 341 454 370 eum
466 331 529 370 talem
539 331 628 372 credens
637 345 782 374 amaveram...

5 393 29 432 t
41 393 62 432 in
78 392 114 433 ilio
129 393 217 433 bomine
232 393 283 433 nihil
302 396 406 435 mutatum
429 398 485 435 est...
509 396 531 436 ln
553 399 624 437 mente
645 401 714 438 autem
737 411 783 439 mea

0 475 1 494 r
23 456 79 498 utata
94 460 126 498 est
140 459 213 507 utique
228 459 273 507 ipsa
289 459 423 507 existimatio,
435 472 489 510 quae
500 461 526 500 de
537 461 573 501 illo
583 462 643 501 aliter
652 474 674 502 se
684 462 781 511 habebat,

3 525 20 562 ·t
34 523 94 563 aliter
108 522 182 570 nabet;
199 523 299 573 idemque
313 536 374 564 amor
388 524 415 565 ab
430 526 546 565 intentione
563 526 683 574 perfruendi
706 528 731 568 ad
753 530 783 568 in-

8 589 116 628 entionem
139 589 272 636 consulendi,
296 590 464 630 incommutabili
487 591 578 640 desuper
599 592 677 632 iustitia
699 593 783 633 iubente

3 653 95 694 ueilexus
109 656 148 694 est.
165 654 212 702 Ipsa
226 666 277 694 vero
292 654 361 694 torma
377 655 514 696 inconcussae
536 668 560 696 ac
581 656 662 697 stabilis
683 659 782 706 veritatis,

3 721 20 759 ·ι
35 719 55 758 in
70 731 112 768 qua
126 719 207 759 fruerer
221 719 313 759 homine
323 720 405 760 honum
416 732 465 760 eum
475 721 570 769 credens,
582 724 602 761 et
613 723 633 761 in
644 733 685 771 qua
695 723 783 763 consulo

0 803 1 819 ι
14 786 22 824 ι
36 784 107 824 bonus
117 785 150 832 sit,
162 784 237 825 eadem
248 785 295 825 luce
305 786 471 834 incorruptibilis
481 787 677 835 sincerissimaeque
688 788 774 827 rationis

3 852 20 889 ·t
35 861 94 889 meae
109 851 186 890 mentis
200 852 318 899 aspectum.
334 853 355 890 et
370 850 426 890 illam
442 851 564 899 phantasiae
579 852 657 892 nubem
675 863 737 900 quam
749 853 784 892 de-

0 927 64 965 uper
78 927 150 962 cerno,
167 927 215 955 cum
231 914 322 955 eundem
338 915 447 955 bominem
463 928 526 965 quem
542 917 635 956 videram
651 918 730 965 cogito,
747 917 783 956 im-

16 980 138 1020 erturbabili
154 981 276 1020 aeternitate
294 980 409 1029 pertundit.

47 1098 67 1124 a.
81 1089 140 1125 Solita
153 1088 239 1125 delinitio
252 1089 321 1125 erroris
333 1089 385 1135 apud
399 1090 421 1125 A.
435 1092 463 1126 est
477 1104 485 1119 ‹<
493 1090 533 1126 ialsi
547 1101 635 1143 provero
645 1090 782 1140 approbatio»,

0 1163 5 1180 ι
22 1159 61 1194 qua
73 1149 135 1200 verbis
147 1150 221 1184 tantum
234 1148 304 1184 distant
317 1148 353 1184 hae
366 1148 423 1184 aliae:
441 1151 524 1194 «putare
543 1159 585 1185 esse
603 1149 655 1194 quod
676 1160 714 1185 non
734 1151 761 1184 est
769 1163 784 1193 ι,

1 1222 8 1237 κ
17 1207 102 1243 assentiri
115 1207 190 1243 falsis».
204 1207 234 1243 Ab
248 1207 367 1243 Academicis
380 1209 476 1243 mutuatus
490 1210 517 1243 est
530 1208 585 1243 aliam
594 1208 695 1243 tormulam
704 1207 784 1250 (Contra

6 1267 58 1303 cdd.
72 1267 103 1310 ill,
116 1267 154 1310 xiv,
167 1267 200 1309 32;
213 1266 289 1303 Euchir.
303 1266 342 1311 xxi:
358 1281 365 1296 ι
375 1277 414 1302 rem
427 1267 511 1311 dubiam,
525 1267 612 1312 quamvis
624 1277 668 1302 vera
678 1267 706 1310 sity
716 1277 784 1312 appro-

3 1336 44 1361 are
52 1338 71 1369 ›>;
85 1336 143 1371 quam
157 1325 222 1370 utique
235 1325 302 1361 metuit
314 1336 338 1361 ne
351 1325 408 1361 lidem
422 1325 516 1361 excludat.
530 1326 575 1361 Eius
589 1327 631 1361 ioco
641 1326 711 1361 mavult
719 1325 781 1361 dicere

3 1382 115 1420 <aestimare
129 1395 149 1420 se
162 1385 210 1420 scire
223 1385 276 1429 quod
290 1384 373 1420 nescit».
434 1398 436 1401 ’

48 1442 68 1478 h.
83 1443 165 1490 Respicit
178 1453 261 1479 errorem
274 1444 373 1489 imprimis,
386 1454 426 1479 non
435 1445 528 1487 quatenus
538 1445 565 1479 est
575 1454 641 1478 manca
650 1443 739 1487 cognitio,
748 1443 781 1478 sed

2 1504 93 1538 ruatenus
106 1505 134 1538 est
147 1503 218 1538 malum
232 1503 309 1546 morale,
323 1503 398 1537 habens
417 1502 456 1538 tere
474 1513 549 1547 semper
568 1512 612 1548 prae
631 1499 690 1538 oculis
710 1512 782 1537 errores
816 1503 818 1506 ’

2 1562 31 1597 rui
45 1562 69 1597 ad
81 1561 194 1607 religionem
203 1562 294 1607 spectant.
304 1561 389 1597 Debetur
397 1561 520 1606 ignorantiae,
530 1563 548 1597 et
556 1561 616 1597 turbis
625 1561 782 1606 phantasmatum,

2 1622 17 1656 ἰ
29 1621 107 1657 tandem
121 1621 203 1656 malitiae
216 1620 323 1656 voluntatis.

47 1689 66 1715 c.
80 1681 137 1717 Error
149 1682 169 1716 ut
182 1680 207 1716 ita
220 1679 282 1716 dicam
297 1680 377 1726 typicus,
396 1679 411 1715 is
431 1680 459 1715 est
477 1690 517 1725 quo
536 1679 650 1714 assentimur
668 1678 783 1723 imaginibus

0 1739 126 1784 ensibilibus,
139 1740 194 1785 quasi
207 1739 260 1784 ipsae
273 1741 337 1775 essent
350 1749 379 1774 res
392 1739 420 1774 vel
435 1749 464 1774 res
477 1740 563 1774 accurate
578 1734 743 1783 repraesentarent.
753 1736 782 1772 Ci.

4 1804 30 1836 te
43 1800 90 1836 Gen.
103 1800 131 1843 ad
142 1800 177 1835 Lit.
191 1799 231 1843 Xll,
244 1810 288 1843 xxv,
301 1799 383 1834 citatum.
398 1798 428 1834 De
442 1797 492 1834 Tria.
506 1797 536 1842 lx,
556 1797 580 1841 xi,
601 1797 632 1833 lb:
652 1796 714 1832 «Non
733 1796 783 1832 enim

2 1860 79 1896 mnino
93 1859 134 1905 ipsa
147 1865 228 1905 corpora
241 1858 259 1894 in
273 1858 338 1893 animo
353 1860 402 1902 sunt,
421 1858 454 1893 sed
474 1868 540 1892 eorum
559 1856 701 1899 similitudines,
720 1856 783 1900 itaque

10 1930 43 1956 um
56 1930 88 1956 eas
102 1930 137 1965 pro
150 1919 186 1954 illis
204 1919 341 1964 approbamus,
360 1928 453 1960 erremus3
473 1927 526 1952 error
545 1926 628 1962 namque
647 1917 674 1951 est
692 1925 727 1961 pro
746 1914 783 1949 alio

0 1979 75 2016 lterius
93 1978 231 2025 approbatio».
253 1979 289 2013 «ut
307 1977 359 2013 nulla
379 1977 403 2012 sit
423 1976 459 2012 alia
480 1975 566 2011 materies
587 1975 673 2011 omnium
695 1974 783 2009 falsarum

2 2038 114 2084 pinionum
123 2034 137 2068 ι’
145 2037 183 2083 (De
195 2038 248 2073 Mus.
262 2037 292 2081 Vl,
305 2036 330 2081 xi,
343 2035 380 2081 32).

47 2095 68 2133 d.
82 2098 178 2134 Assensus
191 2107 288 2140 erroneus
301 2094 388 2142 quamvis
402 2095 496 2131 indicetur
504 2094 584 2131 uocibus
599 2108 606 2122 l
615 2095 680 2139 putare
690 2107 704 2137 ι,
719 2107 727 2122 «
736 2092 784 2127 arbi·

7 2147 42 2194 rari
50 2172 66 2203 ι,
80 2173 88 2187 ι
97 2156 196 2193 aestimare
205 2171 219 2201 »‚
233 2158 273 2202 etc,
287 2155 353 2191 nullibi
366 2155 444 2190 retertur
463 2154 529 2190 rationi
549 2154 588 2189 sive
607 2152 714 2189 intellectui.
734 2151 784 2187 Nam

4 2214 148 2254 <intellectualis
161 2216 209 2253 visio
222 2226 262 2252 non
274 2215 352 2251 tallitur:
366 2216 398 2250 aut
410 2214 461 2250 eninr
474 2224 513 2249 non
526 2212 612 2258 intelligit
627 2212 659 2257 qui
675 2211 726 2247 alind
744 2211 784 2256 opi-

0 2301 1 2310 r
13 2279 54 2313 atur
67 2288 125 2323 qnam
138 2278 174 2320 est,
188 2277 225 2320 aut,
238 2276 253 2311 si
267 2274 359 2320 intelligit,
372 2274 464 2310 continuo
476 2283 542 2308 verum
552 2275 580 2307 est
588 2286 595 2301 -ι
610 2271 649 2316 (De
658 2270 705 2307 Gerr.
714 2270 741 2305 ad
748 2269 783 2305 Lit.

18 2337 39 2380 ll,
53 2337 90 2381 xiv,
103 2335 140 2380 29).
154 2336 223 2381 Neque
237 2335 281 2371 dicit
295 2334 316 2371 A.
330 2345 366 2370 nos
379 2344 440 2370 errare
455 2332 598 2375 «iudicando»,
611 2341 654 2366 cum
671 2331 696 2365 ita
715 2329 784 2365 labet·

10 2398 80 2432 taretur
89 2395 207 2441 principium
220 2394 273 2439 illud,
288 2408 295 2423 «
304 2393 372 2429 melius
385 2395 414 2429 est
426 2392 512 2428 indicans
525 2401 583 2437 quam
595 2390 642 2425 illud
655 2389 679 2440 de
688 2399 727 2434 quo
736 2388 784 2423 iudi-

10 2458 51 2492 atur
59 2470 67 2485 ι
82 2455 112 2501 (ci.
125 2465 188 2501 supra,
201 2452 232 2498 12,
242 2453 263 2498 i).
273 2454 345 2502 Revera
353 2463 392 2488 non
402 2452 459 2488 habet
466 2450 560 2487 theoriam
569 2449 632 2485 iudicii
642 2458 691 2494 quae
700 2447 784 2483 includat

1 2507 69 2551 >udicia
81 2515 133 2559 falsa,
146 2525 210 2564 neque
223 2513 305 2559 explicat
314 2512 350 2557 (vel
360 2511 415 2547 etiam
425 2508 513 2554 admittit)
522 2511 594 2554 partem
603 2508 679 2544 rationis
688 2508 706 2543 in
715 2506 784 2542 talibus

0 2574 80 2611 udiciis.
89 2573 118 2610 Cl.
128 2574 148 2610 L.
155 2573 243 2617 ΚΕΕιΕιι,
253 2570 446 2608 samosathenus
456 2570 480 2615 of
486 2569 550 2612 Error,
560 2568 655 2613 Thougbt,
672 2567 717 2602 Dec.
734 2565 783 2601 1933.

849 2573 866 2591 ν
875 2560 876 2563 ,
