1768 2978
64 78 87 114 74
276 77 305 112 22.
318 96 326 102 ·
339 85 365 113 DE
379 84 509 114 lGNORANTlA
522 83 547 112 ΕΤ
560 83 641 113 ERRORE

112 206 132 231 a.
146 196 218 232 Eadem
227 195 318 241 tripartita
326 196 394 232 divisio
403 195 497 231 invenitur
505 195 557 241 apud
565 194 679 239 Sernoznm,
688 195 747 236 Korte
758 194 852 233 Verlzaud.

63 257 81 300 ii,
94 267 121 292 cc.
136 258 144 292 1
159 257 177 292 et
189 257 210 299 2;
223 255 306 300 etapud
319 255 384 300 Knnr,
396 256 431 296 Kr.
444 255 478 291 der
489 254 553 291 remen
569 255 623 291 Veru.
637 254 660 296 A,
675 255 715 290 820.
736 254 852 300 Proponitur

63 316 87 352 ab
101 316 123 351 A.
136 316 155 351 in
169 315 236 351 ordine
249 315 273 350 ad
286 315 434 360 culpabilitatem
447 315 524 350 illorum
536 315 620 358 actuum,
633 314 746 360 acproinde
755 314 852 352 distinctio

64 375 201 421 psychologica
213 384 281 420 parum
294 374 407 410 elaboratur.

113 433 134 469 b.
148 434 210 470 Modo
223 433 312 479 generali,
327 434 346 469 id
361 434 457 470 credimus
476 433 507 469 cui
526 434 641 473 assentimur
657 434 703 479 quin
716 433 812 469 intellectu
825 433 852 469 in-

63 496 151 530 fueamur
163 493 188 529 ita
201 503 247 535 esse,
261 503 277 527 v.
291 502 309 537 g
320 492 370 528 facta
383 492 471 528 sensibus
484 494 574 538 percepta
592 493 621 528 vel
641 492 752 538 praesertim
771 492 853 529 aliorum

34 573 36 576 ·
64 553 174 590 testimonio
187 552 259 596 fulcita3
272 562 322 597 quae
335 563 374 588 non
387 554 431 588 sunt
443 552 531 588 veritates
544 553 635 589 omnibus
645 552 741 588 mentibus
750 552 826 598 perviae
835 555 853 589 et

64 614 83 649 in
96 614 139 649 luce
151 611 264 657 intelligibili
277 612 430 658 conspiciendae.
444 611 473 648 Cf.
485 611 517 647 De
531 612 581 647 Trin.
595 613 626 657 lx,
640 612 663 657 vi,
677 613 693 657 9,
703 612 780 647 citatum
789 622 852 657 supra,

65 673 95 717 13,
110 671 130 716 h,
144 674 162 708 et
175 670 205 715 19,
218 681 240 706 ν.
253 671 309 713 Quae
322 671 396 717 partitio
410 670 469 716 (Epis.
485 670 575 715 CXLVII,
594 671 619 716 iii,
639 673 659 708 8:
680 685 688 701 «
698 671 778 707 Constat
796 670 853 716 igifur

65 734 129 769 nostra
142 731 220 767 scientia
232 741 258 778 en¹
269 730 326 766 rebus
339 730 383 766 visis
397 732 415 766 et
427 729 528 775 creditis»)
541 730 598 767 nimis
611 731 690 777 negligit
705 731 812 766 discursum
825 741 852 766 ra-

64 792 127 837 tionis,
141 793 159 827 et
171 790 314 837 perceptionem
327 790 443 826 motivorum
456 790 552 826 credendi.
847 821 849 826 ,

113 860 132 885 c.
146 849 291 896 Opinari‚l0cis
305 848 370 893 citatis,
383 849 437 898 idem·
448 850 504 884 sonat
516 860 538 884 ac
557 860 628 893 errare;
648 851 676 885 est
694 849 751 885 etiam
770 849 853 895 credere,

66 912 99 948 sed
112 911 169 947 falsis.
183 910 228 945 Non
241 909 334 945 indicatur
347 909 449 944 discrimen
462 908 508 954 ipsis
523 909 597 945 actibus
616 909 728 945 intrinsecus
748 909 853 954 proprium.

66 972 135 1016 Neque
148 970 170 1006 A.
183 969 273 1005 abhorret
285 979 296 1003 a
308 968 405 1004 locutione
420 968 519 1004 «fallimur
531 968 628 1005 credendo
637 983 652 1014 ›>‚
665 969 744 1014 quando
754 979 799 1014 prae
808 979 853 1004 ocu·

66 1030 88 1065 lis
101 1040 141 1065 non
154 1029 211 1064 habet
222 1027 282 1062 fidem
295 1027 463 1072 supernaturalem.
477 1027 500 1063 Et
513 1038 577 1062 revera
586 1027 672 1063 delinitio
682 1027 713 1063 illa
722 1027 820 1073 opinionis
829 1027 852 1064 ab

67 1087 185 1123 Academicis
199 1087 227 1122 est
240 1086 346 1130 desumpta,
359 1085 392 1131 qui
405 1096 429 1121 eo
442 1086 485 1131 ipso
498 1086 600 1122 voluerunt
612 1097 690 1122 omnem
703 1086 763 1121 fidem
776 1085 853 1122 tollere.

120 1253 153 1292 iii.
169 1250 204 1291 De
218 1249 333 1291 falsitate·
348 1277 355 1283 -
370 1255 432 1295 Sol‘l.
449 1255 474 1302 ll,
490 1268 511 1302 v,
527 1256 549 1294 8:
566 1254 591 1295 A.
607 1256 686 1296 Verum
703 1255 754 1294 milri
770 1254 854 1305 videtur

67 1333 112 1361 esse
128 1321 149 1360 id
164 1320 222 1369 quod
238 1322 276 1359 est.
292 1320 316 1362 R.
333 1320 391 1360 Nihil
406 1332 458 1369 ergo
473 1321 512 1360 erit
526 1320 611 1368 falsum,
628 1321 678 1369 quia
693 1320 798 1369 quidquid
813 1322 852 1370 est,

67 1399 139 1427 verum
155 1389 193 1427 est.
209 1385 235 1426 A.
259 1385 281 1425 ln
303 1397 391 1435 magnas
413 1386 521 1434 angustias
543 1398 577 1425 me
598 1387 734 1426 coniecisti...
754 1382 854 1434 [falsitas

67 1452 185 1492 ostenditur
199 1452 315 1491 consistere
330 1453 351 1491 in
366 1452 436 1500 aliqua
451 1451 590 1491 similitudine
607 1464 655 1492 cum
678 1463 736 1498 vero,
760 1452 854 1500 itemque

67 1521 88 1559 in
103 1518 173 1566 aliqua
188 1514 376 1565 dissimilitudinel.
392 1517 436 1564 viii,
451 1518 483 1556 15.
495 1515 537 1556 Sed
547 1528 596 1557 cum
607 1517 721 1557 considero
732 1516 784 1556 illud
794 1517 854 1565 quod

67 1584 143 1623 falsum
158 1593 268 1628 vocamus,
284 1584 304 1621 et
318 1582 387 1621 simile
403 1581 483 1630 aliquid
498 1581 577 1621 habere
591 1583 635 1621 veri
653 1584 674 1621 et
695 1581 806 1627 dissimile.
829 1593 855 1621 ex

68 1660 109 1697 qua
124 1648 195 1696 potius
210 1648 268 1695 parte
283 1647 383 1687 meruerit
397 1646 443 1686 falsi
466 1658 553 1693 nomen,
576 1658 620 1687 non
642 1647 703 1687 valeo
725 1647 853 1686 discernere.

68 1713 88 1753 Si
104 1713 160 1752 enim
175 1724 200 1751 ex
215 1723 241 1751 eo
256 1711 315 1760 quod
330 1712 433 1752 dissimile
448 1714 479 1752 est
494 1711 575 1758 dixero,
594 1712 646 1752 nihil
669 1713 708 1752 erit
729 1711 788 1760 quod
810 1723 854 1751 non

67 1778 143 1818 falsum
159 1777 199 1816 dici
216 1777 293 1825 possit;
309 1777 361 1816 nihil
376 1778 433 1816 enim
449 1779 480 1816 est
495 1776 554 1825 quod
569 1789 613 1817 non
628 1777 690 1817 alicui
706 1778 734 1817 rei
750 1776 854 1816 dissimile

68 1844 101 1889 sit,
117 1853 181 1891 quam
196 1853 267 1881 veram
283 1853 329 1881 esse
343 1842 489 1881 concedimus.
507 1841 566 1888 ltem,
583 1843 599 1882 si
615 1842 689 1881 dixero
707 1853 733 1881 eo
751 1840 810 1890 quod
827 1841 854 1880 si-

68 1907 118 1946 mile
132 1909 170 1953 est,
186 1906 263 1945 falsum
278 1906 465 1954 appellandum...
481 1906 544 1945 etiam
562 1906 592 1946 sic
613 1918 657 1946 non
679 1906 781 1955 effugiam
805 1917 853 1945 eum

68 1972 103 2020 qui
119 1983 153 2010 me
168 1971 262 2019 coegerit
276 1970 328 2011 falsa
342 1983 388 2011 esse
403 1972 476 2011 omnia
490 1970 596 2018 confiteri,
612 1972 672 2020 quod
687 1972 759 2011 omnia
774 1970 813 2010 sibi
830 1982 855 2010 ex

69 2036 138 2084 aliqua
153 2037 211 2084 parte
225 2035 302 2074 similia
317 2047 362 2075 esse
380 2047 458 2084 negare
472 2047 516 2075 non
532 2047 628 2084 possum.
645 2037 672 2083 ix,
690 2036 721 2076 16.
738 2036 762 2078 R.
785 2035 855 2076 Video

69 2101 133 2147 enim,
149 2101 233 2139 tentatis
243 2102 346 2148 quantum
357 2102 467 2150 potuimus
477 2100 579 2140 omnibus
590 2101 661 2148 rebus,
673 2113 717 2141 non
728 2101 855 2141 remansisse

69 2165 127 2213 quod
142 2165 218 2204 falsum
234 2166 279 2204 iure
294 2165 382 2213 dicatur,
398 2167 437 2205 nisi
454 2166 513 2215 quod
528 2168 564 2205 aut
578 2177 601 2206 se
611 2166 674 2215 fingit
684 2178 731 2206 esse
741 2165 800 2215 quod
811 2177 855 2205 non

69 2233 107 2277 est,
123 2232 158 2270 aut
173 2231 262 2270 omnino
277 2242 323 2270 esse
337 2231 404 2271 tendit
419 2233 439 2271 et
454 2243 497 2282 non
510 2221 569 2271 est...
587 2233 619 2274 17.
639 2231 718 2272 Eadem
741 2231 776 2271 illa
797 2232 854 2278 sunt,

69 2307 159 2344 quorum
177 2296 242 2335 multa
256 2308 320 2344 supra
335 2297 509 2337 memoravimus.
525 2295 603 2337 Annon
621 2297 658 2337 tihi
676 2297 760 2337 videtur
782 2297 854 2345 imago

68 2362 103 2399 tua
114 2360 140 2399 de
150 2361 237 2408 speculo
248 2361 307 2409 quasi
318 2362 396 2410 tuipse
407 2362 460 2401 velle
471 2373 525 2408 esse,
541 2363 579 2401 sed
594 2362 643 2402 ideo
658 2374 705 2402 esse
719 2362 779 2409 falsa.
795 2361 855 2410 quod

68 2437 112 2465 non
127 2426 171 2465 est?
185 2425 210 2465 A.
226 2426 293 2466 Valde
307 2426 349 2467 lroc
359 2426 449 2468 videtur.
461 2427 486 2470 R.
497 2426 557 2474 Quid
568 2429 639 2468 omnis
650 2428 731 2477 pictura
741 2427 774 2468 vel
785 2427 855 2468 cuius·

68 2491 152 2530 cemodi
167 2491 312 2539 simulacrum,
328 2495 348 2533 et
363 2493 384 2532 id
399 2505 467 2542 genus
482 2493 555 2542 omnia
572 2493 690 2543 opificum?
707 2494 785 2533 Nonne
803 2492 855 2532 illud

68 2567 114 2595 esse
129 2556 267 2604 contendunt,
283 2557 310 2597 ad
324 2559 384 2598 cuius
399 2558 494 2608 quidque
508 2558 670 2599 similitudinem
686 2559 764 2599 factum
782 2559 854 2599 est?...
