<?xml version="1.0" encoding="UTF-8"?>
<!DOCTYPE html PUBLIC "-//W3C//DTD XHTML 1.0 Transitional//EN"
    "http://www.w3.org/TR/xhtml1/DTD/xhtml1-transitional.dtd">
<html xmlns="http://www.w3.org/1999/xhtml" xml:lang="en" lang="en">
 <head>
  <title>
</title>
<meta http-equiv="Content-Type" content="text/html;charset=utf-8" />
  <meta name='ocr-system' content='tesseract 3.04.00' />
  <meta name='ocr-capabilities' content='ocr_page ocr_carea ocr_par ocr_line ocrx_word'/>
</head>
<body>
  <div class='ocr_page' id='page_1' title='image "./MN41427ucmf_7_0051.png"; bbox 0 0 1768 2978; ppageno 0'>
   <div class='ocr_carea' id='block_1_1' title="bbox 206 54 806 111">
    <p class='ocr_par' dir='ltr' id='par_1_1' title="bbox 206 54 806 111">
     <span class='ocr_line' id='line_1_1' title="bbox 206 54 806 111; baseline 0.02 -9"><span class='ocrx_word' id='word_1_1' title='bbox 206 54 209 59; x_wconf 71' lang='grc'>’</span> <span class='ocrx_word' id='word_1_2' title='bbox 262 67 279 103; x_wconf 82' lang='lat'>7.</span> <span class='ocrx_word' id='word_1_3' title='bbox 287 68 300 94; x_wconf 69' lang='lat'>··‘</span> <span class='ocrx_word' id='word_1_4' title='bbox 313 75 340 105; x_wconf 82' lang='lat' dir='ltr'>oe</span> <span class='ocrx_word' id='word_1_5' title='bbox 352 69 435 107; x_wconf 80' lang='lat' dir='ltr'>visione</span> <span class='ocrx_word' id='word_1_6' title='bbox 443 74 564 111; x_wconf 68' lang='lat' dir='ltr'>&#39;couronmr</span> <span class='ocrx_word' id='word_1_7' title='bbox 782 74 806 110; x_wconf 82' lang='lat'>25</span> 
     </span>
    </p>
   </div>
   <div class='ocr_carea' id='block_1_2' title="bbox 6 186 810 1779">
    <p class='ocr_par' dir='ltr' id='par_1_2' title="bbox 6 186 808 887">
     <span class='ocr_line' id='line_1_2' title="bbox 20 186 807 239; baseline 0.003 -12"><span class='ocrx_word' id='word_1_8' title='bbox 20 188 71 228; x_wconf 86' lang='lat' dir='ltr'>aliud</span> <span class='ocrx_word' id='word_1_9' title='bbox 84 197 153 224; x_wconf 88' lang='lat' dir='ltr'>sensus</span> <span class='ocrx_word' id='word_1_10' title='bbox 165 186 252 239; x_wconf 79' lang='lat' dir='ltr'>corporis</span> <span class='ocrx_word' id='word_1_11' title='bbox 265 187 339 233; x_wconf 87' lang='lat' dir='ltr'>dicitur,</span> <span class='ocrx_word' id='word_1_12' title='bbox 351 188 387 225; x_wconf 92' lang='lat' dir='ltr'>nisi</span> <span class='ocrx_word' id='word_1_13' title='bbox 402 190 447 236; x_wconf 87' lang='lat' dir='ltr'>quia</span> <span class='ocrx_word' id='word_1_14' title='bbox 460 192 478 228; x_wconf 84' lang='lat' dir='ltr'>et</span> <span class='ocrx_word' id='word_1_15' title='bbox 490 191 526 238; x_wconf 87' lang='lat' dir='ltr'>ipsi</span> <span class='ocrx_word' id='word_1_16' title='bbox 543 193 593 229; x_wconf 83' lang='lat' dir='ltr'>oculi</span> <span class='ocrx_word' id='word_1_17' title='bbox 610 192 697 229; x_wconf 87' lang='lat' dir='ltr'>membra</span> <span class='ocrx_word' id='word_1_18' title='bbox 709 195 753 229; x_wconf 89' lang='lat' dir='ltr'>sunt</span> <span class='ocrx_word' id='word_1_19' title='bbox 765 203 807 229; x_wconf 87' lang='lat' dir='ltr'>cor-</span> 
     </span>
     <span class='ocr_line' id='line_1_3' title="bbox 20 247 807 299; baseline 0.004 -14"><span class='ocrx_word' id='word_1_20' title='bbox 20 249 81 298; x_wconf 87' lang='lat' dir='ltr'>poris;</span> <span class='ocrx_word' id='word_1_21' title='bbox 95 248 114 283; x_wconf 92' lang='lat' dir='ltr'>et</span> <span class='ocrx_word' id='word_1_22' title='bbox 126 247 214 294; x_wconf 87' lang='lat' dir='ltr'>quamvis</span> <span class='ocrx_word' id='word_1_23' title='bbox 226 257 267 283; x_wconf 90' lang='lat' dir='ltr'>non</span> <span class='ocrx_word' id='word_1_24' title='bbox 280 247 348 284; x_wconf 87' lang='lat' dir='ltr'>sentiat</span> <span class='ocrx_word' id='word_1_25' title='bbox 360 258 436 295; x_wconf 85' lang='lat' dir='ltr'>eorpus</span> <span class='ocrx_word' id='word_1_26' title='bbox 444 251 538 298; x_wconf 83' lang='lat' dir='ltr'>exanime,</span> <span class='ocrx_word' id='word_1_27' title='bbox 550 251 614 288; x_wconf 86' lang='lat' dir='ltr'>anima</span> <span class='ocrx_word' id='word_1_28' title='bbox 625 254 690 288; x_wconf 89' lang='lat' dir='ltr'>tamen</span> <span class='ocrx_word' id='word_1_29' title='bbox 702 252 807 299; x_wconf 73' lang='lat' dir='ltr'>commixta</span> 
     </span>
     <span class='ocr_line' id='line_1_4' title="bbox 6 306 807 356; baseline 0.004 -11"><span class='ocrx_word' id='word_1_30' title='bbox 6 333 8 335; x_wconf 94' lang='lat'>-</span> <span class='ocrx_word' id='word_1_31' title='bbox 20 308 96 356; x_wconf 83' lang='lat' dir='ltr'>corpori</span> <span class='ocrx_word' id='word_1_32' title='bbox 105 307 139 354; x_wconf 81' lang='lat' dir='ltr'>per&#39;</span> <span class='ocrx_word' id='word_1_33' title='bbox 146 306 294 346; x_wconf 72' lang='lat' dir='ltr'>instrumentum</span> <span class='ocrx_word' id='word_1_34' title='bbox 303 308 360 344; x_wconf 86' lang='lat' dir='ltr'><strong>sentit</strong></span> <span class='ocrx_word' id='word_1_35' title='bbox 367 319 488 356; x_wconf 87' lang='lat' dir='ltr'>corporeum,</span> <span class='ocrx_word' id='word_1_36' title='bbox 497 313 516 347; x_wconf 89' lang='lat' dir='ltr'>et</span> <span class='ocrx_word' id='word_1_37' title='bbox 523 311 575 348; x_wconf 89' lang='lat' dir='ltr'>idem</span> <span class='ocrx_word' id='word_1_38' title='bbox 583 312 730 348; x_wconf 71' lang='lat' dir='ltr'>instrumentum</span> <span class='ocrx_word' id='word_1_39' title='bbox 738 322 807 348; x_wconf 89' lang='lat' dir='ltr'>sensus</span> 
     </span>
     <span class='ocr_line' id='line_1_5' title="bbox 20 366 807 417; baseline 0 -10"><span class='ocrx_word' id='word_1_40' title='bbox 20 370 103 407; x_wconf 86' lang='lat' dir='ltr'>vocatur.</span> <span class='ocrx_word' id='word_1_41' title='bbox 116 366 229 411; x_wconf 72' lang='lat' dir='ltr'>alueoque</span> <span class='ocrx_word' id='word_1_42' title='bbox 241 376 281 403; x_wconf 89' lang='lat' dir='ltr'>non</span> <span class='ocrx_word' id='word_1_43' title='bbox 294 377 398 412; x_wconf 87' lang='lat' dir='ltr'>possumus</span> <span class='ocrx_word' id='word_1_44' title='bbox 411 368 473 405; x_wconf 79' lang='lat' dir='ltr'>dicere</span> <span class='ocrx_word' id='word_1_45' title='bbox 486 370 540 417; x_wconf 88' lang='lat' dir='ltr'>quod</span> <span class='ocrx_word' id='word_1_46' title='bbox 552 381 631 407; x_wconf 89' lang='lat' dir='ltr'>sensum</span> <span class='ocrx_word' id='word_1_47' title='bbox 643 371 710 417; x_wconf 81' lang='lat' dir='ltr'>gignat</span> <span class='ocrx_word' id='word_1_48' title='bbox 722 381 751 407; x_wconf 92' lang='lat' dir='ltr'>res</span> <span class='ocrx_word' id='word_1_49' title='bbox 763 370 807 407; x_wconf 91' lang='lat' dir='ltr'>visi·</span> 
     </span>
     <span class='ocr_line' id='line_1_6' title="bbox 20 424 807 476; baseline 0.001 -11"><span class='ocrx_word' id='word_1_50' title='bbox 20 429 72 471; x_wconf 89' lang='lat' dir='ltr'>bilis;</span> <span class='ocrx_word' id='word_1_51' title='bbox 85 426 147 473; x_wconf 82' lang='lat' dir='ltr'>gignit</span> <span class='ocrx_word' id='word_1_52' title='bbox 158 427 223 462; x_wconf 90' lang='lat' dir='ltr'>tamen</span> <span class='ocrx_word' id='word_1_53' title='bbox 235 425 317 462; x_wconf 85' lang='lat' dir='ltr'>formam</span> <span class='ocrx_word' id='word_1_54' title='bbox 331 427 383 463; x_wconf 89' lang='lat' dir='ltr'>velut</span> <span class='ocrx_word' id='word_1_55' title='bbox 395 427 539 465; x_wconf 88' lang='lat' dir='ltr'>similitudinem</span> <span class='ocrx_word' id='word_1_56' title='bbox 552 440 613 474; x_wconf 84' lang='lat' dir='ltr'>suam,</span> <span class='ocrx_word' id='word_1_57' title='bbox 622 440 671 476; x_wconf 88' lang='lat' dir='ltr'>quae</span> <span class='ocrx_word' id='word_1_58' title='bbox 683 429 705 466; x_wconf 89' lang='lat' dir='ltr'>iit</span> <span class='ocrx_word' id='word_1_59' title='bbox 715 424 736 466; x_wconf 91' lang='lat' dir='ltr'>in</span> <span class='ocrx_word' id='word_1_60' title='bbox 748 440 807 466; x_wconf 87' lang='lat' dir='ltr'>sensu</span> 
     </span>
     <span class='ocr_line' id='line_1_7' title="bbox 21 483 808 534; baseline 0 -9"><span class='ocrx_word' id='word_1_61' title='bbox 21 498 64 526; x_wconf 85' lang='lat' dir='ltr'>cum</span> <span class='ocrx_word' id='word_1_62' title='bbox 76 484 149 532; x_wconf 90' lang='lat' dir='ltr'>aliquid</span> <span class='ocrx_word' id='word_1_63' title='bbox 161 484 246 522; x_wconf 86' lang='lat' dir='ltr'>videndo</span> <span class='ocrx_word' id='word_1_64' title='bbox 259 484 356 522; x_wconf 88' lang='lat' dir='ltr'>sentimus.</span> <span class='ocrx_word' id='word_1_65' title='bbox 369 486 407 523; x_wconf 87' lang='lat' dir='ltr'>Sed</span> <span class='ocrx_word' id='word_1_66' title='bbox 420 487 501 524; x_wconf 82' lang='lat' dir='ltr'>formam</span> <span class='ocrx_word' id='word_1_67' title='bbox 514 489 600 534; x_wconf 83' lang='lat' dir='ltr'>corporis</span> <span class='ocrx_word' id='word_1_68' title='bbox 613 488 666 534; x_wconf 88' lang='lat' dir='ltr'>quod</span> <span class='ocrx_word' id='word_1_69' title='bbox 679 489 772 533; x_wconf 86' lang='lat' dir='ltr'>videmus,</span> <span class='ocrx_word' id='word_1_70' title='bbox 789 483 808 525; x_wconf 87' lang='lat' dir='ltr'>et</span> 
     </span>
     <span class='ocr_line' id='line_1_8' title="bbox 20 543 807 592; baseline -0.001 -8"><span class='ocrx_word' id='word_1_71' title='bbox 20 547 101 584; x_wconf 82' lang='lat' dir='ltr'>formam</span> <span class='ocrx_word' id='word_1_72' title='bbox 114 554 164 590; x_wconf 88' lang='lat' dir='ltr'>quae</span> <span class='ocrx_word' id='word_1_73' title='bbox 177 544 201 580; x_wconf 90' lang='lat' dir='ltr'>ab</span> <span class='ocrx_word' id='word_1_74' title='bbox 214 543 246 580; x_wconf 88' lang='lat' dir='ltr'>illa</span> <span class='ocrx_word' id='word_1_75' title='bbox 257 544 277 580; x_wconf 93' lang='lat' dir='ltr'>in</span> <span class='ocrx_word' id='word_1_76' title='bbox 290 555 348 581; x_wconf 88' lang='lat' dir='ltr'>sensu</span> <span class='ocrx_word' id='word_1_77' title='bbox 361 545 442 582; x_wconf 91' lang='lat' dir='ltr'>videntis</span> <span class='ocrx_word' id='word_1_78' title='bbox 454 546 480 592; x_wconf 84' lang='lat' dir='ltr'>iit,</span> <span class='ocrx_word' id='word_1_79' title='bbox 489 557 523 592; x_wconf 91' lang='lat' dir='ltr'>per</span> <span class='ocrx_word' id='word_1_80' title='bbox 535 548 619 583; x_wconf 90' lang='lat' dir='ltr'>eundem</span> <span class='ocrx_word' id='word_1_81' title='bbox 630 557 708 584; x_wconf 88' lang='lat' dir='ltr'>sensum</span> <span class='ocrx_word' id='word_1_82' title='bbox 720 558 761 583; x_wconf 90' lang='lat' dir='ltr'>non</span> <span class='ocrx_word' id='word_1_83' title='bbox 769 548 807 583; x_wconf 89' lang='lat' dir='ltr'>dis·</span> 
     </span>
     <span class='ocr_line' id='line_1_9' title="bbox 20 602 807 651; baseline -0.001 -8"><span class='ocrx_word' id='word_1_84' title='bbox 20 604 125 647; x_wconf 87' lang='lat' dir='ltr'>cemimus;</span> <span class='ocrx_word' id='word_1_85' title='bbox 138 602 231 648; x_wconf 87' lang='lat' dir='ltr'>quoniam</span> <span class='ocrx_word' id='word_1_86' title='bbox 243 604 295 639; x_wconf 87' lang='lat' dir='ltr'>tanta</span> <span class='ocrx_word' id='word_1_87' title='bbox 307 603 417 641; x_wconf 87' lang='lat' dir='ltr'>coniunctio</span> <span class='ocrx_word' id='word_1_88' title='bbox 430 607 464 641; x_wconf 88' lang='lat' dir='ltr'>est.</span> <span class='ocrx_word' id='word_1_89' title='bbox 479 606 496 641; x_wconf 89' lang='lat'>5.</span> <span class='ocrx_word' id='word_1_90' title='bbox 509 604 582 650; x_wconf 86' lang='lat' dir='ltr'>[Quare</span> <span class='ocrx_word' id='word_1_91' title='bbox 596 606 743 651; x_wconf 77' lang='lat' dir='ltr'>distinguendae</span> <span class='ocrx_word' id='word_1_92' title='bbox 755 605 807 651; x_wconf 86' lang='lat' dir='ltr'>sunt]</span> 
     </span>
     <span class='ocr_line' id='line_1_10' title="bbox 21 662 808 711; baseline -0.001 -10"><span class='ocrx_word' id='word_1_93' title='bbox 21 663 94 711; x_wconf 88' lang='lat' dir='ltr'>species</span> <span class='ocrx_word' id='word_1_94' title='bbox 106 662 193 708; x_wconf 87' lang='lat' dir='ltr'>corporis</span> <span class='ocrx_word' id='word_1_95' title='bbox 205 672 256 707; x_wconf 89' lang='lat' dir='ltr'>quae</span> <span class='ocrx_word' id='word_1_96' title='bbox 267 662 348 705; x_wconf 88' lang='lat' dir='ltr'>videtur,</span> <span class='ocrx_word' id='word_1_97' title='bbox 361 665 379 699; x_wconf 93' lang='lat' dir='ltr'>et</span> <span class='ocrx_word' id='word_1_98' title='bbox 391 663 485 709; x_wconf 91' lang='lat' dir='ltr'>impressa</span> <span class='ocrx_word' id='word_1_99' title='bbox 497 664 538 700; x_wconf 91' lang='lat' dir='ltr'>eius</span> <span class='ocrx_word' id='word_1_100' title='bbox 550 664 615 710; x_wconf 83' lang='lat' dir='ltr'>imago</span> <span class='ocrx_word' id='word_1_101' title='bbox 634 665 698 701; x_wconf 89' lang='lat' dir='ltr'>sensui</span> <span class='ocrx_word' id='word_1_102' title='bbox 712 665 766 710; x_wconf 91' lang='lat' dir='ltr'>quod</span> <span class='ocrx_word' id='word_1_103' title='bbox 779 666 808 700; x_wconf 88' lang='lat' dir='ltr'>est</span> 
     </span>
     <span class='ocr_line' id='line_1_11' title="bbox 20 712 807 768; baseline 0 -9"><span class='ocrx_word' id='word_1_104' title='bbox 20 723 68 759; x_wconf 89' lang='lat' dir='ltr'>visio</span> <span class='ocrx_word' id='word_1_105' title='bbox 80 731 173 758; x_wconf 86' lang='lat' dir='ltr'>sensusve</span> <span class='ocrx_word' id='word_1_106' title='bbox 185 720 296 757; x_wconf 82' lang='lat' dir='ltr'>formatus...</span> <span class='ocrx_word' id='word_1_107' title='bbox 309 719 370 766; x_wconf 83' lang='lat' dir='ltr'>[Hoc]</span> <span class='ocrx_word' id='word_1_108' title='bbox 379 722 459 758; x_wconf 87' lang='lat' dir='ltr'>alterum</span> <span class='ocrx_word' id='word_1_109' title='bbox 471 712 535 759; x_wconf 79' lang='lat' dir='ltr'>autern</span> <span class='ocrx_word' id='word_1_110' title='bbox 543 723 569 759; x_wconf 88' lang='lat' dir='ltr'>ita</span> <span class='ocrx_word' id='word_1_111' title='bbox 577 722 658 768; x_wconf 82' lang='lat' dir='ltr'>pertinet</span> <span class='ocrx_word' id='word_1_112' title='bbox 666 722 697 768; x_wconf 92' lang='lat' dir='ltr'>[ad</span> <span class='ocrx_word' id='word_1_113' title='bbox 707 723 807 759; x_wconf 91' lang='lat' dir='ltr'>animantis</span> 
     </span>
     <span class='ocr_line' id='line_1_12' title="bbox 21 778 808 827; baseline 0 -9"><span class='ocrx_word' id='word_1_114' title='bbox 21 778 148 825; x_wconf 87' lang='lat' dir='ltr'>naturam]·ut</span> <span class='ocrx_word' id='word_1_115' title='bbox 160 779 180 815; x_wconf 92' lang='lat' dir='ltr'>in</span> <span class='ocrx_word' id='word_1_116' title='bbox 192 789 274 825; x_wconf 84' lang='lat' dir='ltr'>corpore</span> <span class='ocrx_word' id='word_1_117' title='bbox 286 780 325 824; x_wconf 81' lang='lat' dir='ltr'>fiat,</span> <span class='ocrx_word' id='word_1_118' title='bbox 338 782 356 816; x_wconf 91' lang='lat' dir='ltr'>et</span> <span class='ocrx_word' id='word_1_119' title='bbox 369 790 485 826; x_wconf 86' lang='lat' dir='ltr'>percorpus</span> <span class='ocrx_word' id='word_1_120' title='bbox 497 781 517 817; x_wconf 91' lang='lat' dir='ltr'>in</span> <span class='ocrx_word' id='word_1_121' title='bbox 530 781 603 817; x_wconf 89' lang='lat' dir='ltr'>anima:</span> <span class='ocrx_word' id='word_1_122' title='bbox 615 781 637 817; x_wconf 89' lang='lat' dir='ltr'>iit</span> <span class='ocrx_word' id='word_1_123' title='bbox 647 782 699 817; x_wconf 90' lang='lat' dir='ltr'>enim</span> <span class='ocrx_word' id='word_1_124' title='bbox 711 782 731 817; x_wconf 92' lang='lat' dir='ltr'>in</span> <span class='ocrx_word' id='word_1_125' title='bbox 743 792 808 827; x_wconf 86' lang='lat' dir='ltr'>sensu,</span> 
     </span>
     <span class='ocr_line' id='line_1_13' title="bbox 21 838 550 887; baseline -0.002 -11"><span class='ocrx_word' id='word_1_126' title='bbox 21 840 54 887; x_wconf 88' lang='lat' dir='ltr'>qui</span> <span class='ocrx_word' id='word_1_127' title='bbox 66 849 130 885; x_wconf 90' lang='lat' dir='ltr'>neque</span> <span class='ocrx_word' id='word_1_128' title='bbox 143 838 185 875; x_wconf 92' lang='lat' dir='ltr'>sine</span> <span class='ocrx_word' id='word_1_129' title='bbox 193 848 279 884; x_wconf 74' lang='lat' dir='ltr'>vcorpore</span> <span class='ocrx_word' id='word_1_130' title='bbox 291 840 320 875; x_wconf 88' lang='lat' dir='ltr'>est</span> <span class='ocrx_word' id='word_1_131' title='bbox 332 849 396 885; x_wconf 88' lang='lat' dir='ltr'>neque</span> <span class='ocrx_word' id='word_1_132' title='bbox 408 839 450 876; x_wconf 87' lang='lat' dir='ltr'>sine</span> <span class='ocrx_word' id='word_1_133' title='bbox 462 839 527 876; x_wconf 86' lang='lat' dir='ltr'>anima</span> <span class='ocrx_word' id='word_1_134' title='bbox 534 853 550 875; x_wconf 60' lang='lat' dir='ltr'>a.</span> 
     </span>
    </p>

    <p class='ocr_par' dir='ltr' id='par_1_3' title="bbox 68 897 752 946">
     <span class='ocr_line' id='line_1_14' title="bbox 68 897 752 946; baseline 0.001 -11"><span class='ocrx_word' id='word_1_135' title='bbox 68 909 88 936; x_wconf 91' lang='lat' dir='ltr'>c.</span> <span class='ocrx_word' id='word_1_136' title='bbox 101 898 132 935; x_wconf 89' lang='lat' dir='ltr'>De</span> <span class='ocrx_word' id='word_1_137' title='bbox 144 898 286 936; x_wconf 88' lang='lat' dir='ltr'>sensationibus</span> <span class='ocrx_word' id='word_1_138' title='bbox 298 897 401 936; x_wconf 86' lang='lat' dir='ltr'>inconsciis</span> <span class='ocrx_word' id='word_1_139' title='bbox 414 898 437 936; x_wconf 85' lang='lat' dir='ltr'>ci.</span> <span class='ocrx_word' id='word_1_140' title='bbox 450 898 507 936; x_wconf 89' lang='lat' dir='ltr'>etiam</span> <span class='ocrx_word' id='word_1_141' title='bbox 519 899 551 936; x_wconf 82' lang='lat' dir='ltr'>De</span> <span class='ocrx_word' id='word_1_142' title='bbox 564 899 615 936; x_wconf 86' lang='lat' dir='ltr'>Trin.</span> <span class='ocrx_word' id='word_1_143' title='bbox 628 899 660 946; x_wconf 84' lang='lat' dir='ltr'>xl,</span> <span class='ocrx_word' id='word_1_144' title='bbox 673 899 711 945; x_wconf 93' lang='lat' dir='ltr'>viii,</span> <span class='ocrx_word' id='word_1_145' title='bbox 724 900 752 937; x_wconf 89' lang='lat'>15.</span> 
     </span>
    </p>

    <p class='ocr_par' dir='ltr' id='par_1_4' title="bbox 21 954 810 1779">
     <span class='ocr_line' id='line_1_15' title="bbox 69 954 808 997; baseline 0.001 -1"><span class='ocrx_word' id='word_1_146' title='bbox 69 958 90 996; x_wconf 91' lang='lat' dir='ltr'>d.</span> <span class='ocrx_word' id='word_1_147' title='bbox 104 958 152 996; x_wconf 88' lang='lat' dir='ltr'>Satis</span> <span class='ocrx_word' id='word_1_148' title='bbox 165 954 225 996; x_wconf 81' lang='lat' dir='ltr'>cernit</span> <span class='ocrx_word' id='word_1_149' title='bbox 237 959 369 996; x_wconf 77' lang='lat' dir='ltr'>difficultatem</span> <span class='ocrx_word' id='word_1_150' title='bbox 381 961 448 997; x_wconf 87' lang='lat' dir='ltr'>eontra</span> <span class='ocrx_word' id='word_1_151' title='bbox 459 959 553 997; x_wconf 87' lang='lat' dir='ltr'>theoriam</span> <span class='ocrx_word' id='word_1_152' title='bbox 565 970 621 997; x_wconf 88' lang='lat' dir='ltr'>suam</span> <span class='ocrx_word' id='word_1_153' title='bbox 633 960 747 997; x_wconf 88' lang='lat' dir='ltr'>sensationis</span> <span class='ocrx_word' id='word_1_154' title='bbox 755 960 775 997; x_wconf 89' lang='lat' dir='ltr'>in</span> <span class='ocrx_word' id='word_1_155' title='bbox 784 971 808 997; x_wconf 91' lang='lat' dir='ltr'>eo</span> 
     </span>
     <span class='ocr_line' id='line_1_16' title="bbox 21 1019 810 1070; baseline 0.001 -14"><span class='ocrx_word' id='word_1_156' title='bbox 21 1021 74 1068; x_wconf 92' lang='lat' dir='ltr'>quod</span> <span class='ocrx_word' id='word_1_157' title='bbox 87 1020 151 1057; x_wconf 82' lang='lat' dir='ltr'>anima</span> <span class='ocrx_word' id='word_1_158' title='bbox 163 1020 220 1066; x_wconf 90' lang='lat' dir='ltr'>plane</span> <span class='ocrx_word' id='word_1_159' title='bbox 232 1019 330 1070; x_wconf 84' lang='lat' dir='ltr'>inconscia</span> <span class='ocrx_word' id='word_1_160' title='bbox 342 1020 365 1056; x_wconf 92' lang='lat' dir='ltr'>sit</span> <span class='ocrx_word' id='word_1_161' title='bbox 377 1020 484 1067; x_wconf 86' lang='lat' dir='ltr'>aliquarum</span> <span class='ocrx_word' id='word_1_162' title='bbox 496 1020 556 1067; x_wconf 88' lang='lat' dir='ltr'>ipsius</span> <span class='ocrx_word' id='word_1_163' title='bbox 569 1020 693 1066; x_wconf 85' lang='lat' dir='ltr'>activitatum;</span> <span class='ocrx_word' id='word_1_164' title='bbox 706 1021 737 1057; x_wconf 86' lang='lat' dir='ltr'>De</span> <span class='ocrx_word' id='word_1_165' title='bbox 744 1020 782 1057; x_wconf 82' lang='lat' dir='ltr'>An.</span> <span class='ocrx_word' id='word_1_166' title='bbox 790 1020 810 1057; x_wconf 82' lang='lat' dir='ltr'>et</span> 
     </span>
     <span class='ocr_line' id='line_1_17' title="bbox 21 1079 809 1127; baseline -0.001 -10"><span class='ocrx_word' id='word_1_167' title='bbox 21 1081 61 1117; x_wconf 83' lang='lat' dir='ltr'>eius</span> <span class='ocrx_word' id='word_1_168' title='bbox 75 1079 130 1126; x_wconf 78' lang='lat' dir='ltr'>Orig.</span> <span class='ocrx_word' id='word_1_169' title='bbox 144 1080 174 1124; x_wconf 85' lang='lat' dir='ltr'>lV,</span> <span class='ocrx_word' id='word_1_170' title='bbox 187 1090 204 1125; x_wconf 85' lang='grc' dir='ltr'>ν,</span> <span class='ocrx_word' id='word_1_171' title='bbox 217 1080 239 1116; x_wconf 81' lang='lat'>6:</span> <span class='ocrx_word' id='word_1_172' title='bbox 253 1094 261 1109; x_wconf 88' lang='lat'>«</span> <span class='ocrx_word' id='word_1_173' title='bbox 270 1080 293 1116; x_wconf 82' lang='lat' dir='ltr'>Et</span> <span class='ocrx_word' id='word_1_174' title='bbox 305 1081 355 1116; x_wconf 87' lang='lat' dir='ltr'>certe</span> <span class='ocrx_word' id='word_1_175' title='bbox 368 1080 394 1116; x_wconf 92' lang='lat' dir='ltr'>ibi</span> <span class='ocrx_word' id='word_1_176' title='bbox 407 1082 452 1124; x_wconf 87' lang='lat' dir='ltr'>erat,</span> <span class='ocrx_word' id='word_1_177' title='bbox 465 1080 521 1116; x_wconf 89' lang='lat' dir='ltr'>etiam</span> <span class='ocrx_word' id='word_1_178' title='bbox 534 1080 614 1127; x_wconf 87' lang='lat' dir='ltr'>quando</span> <span class='ocrx_word' id='word_1_179' title='bbox 626 1080 658 1116; x_wconf 89' lang='lat' dir='ltr'>illa</span> <span class='ocrx_word' id='word_1_180' title='bbox 670 1080 772 1117; x_wconf 82' lang='lat' dir='ltr'>nesciebat.</span> <span class='ocrx_word' id='word_1_181' title='bbox 785 1080 809 1117; x_wconf 85' lang='lat' dir='ltr'>Et</span> 
     </span>
     <span class='ocr_line' id='line_1_18' title="bbox 22 1139 808 1185; baseline 0.001 -10"><span class='ocrx_word' id='word_1_182' title='bbox 22 1150 65 1176; x_wconf 88' lang='lat' dir='ltr'>cum</span> <span class='ocrx_word' id='word_1_183' title='bbox 78 1140 150 1175; x_wconf 89' lang='lat' dir='ltr'>viscera</span> <span class='ocrx_word' id='word_1_184' title='bbox 162 1139 275 1175; x_wconf 90' lang='lat' dir='ltr'>intrinsecus</span> <span class='ocrx_word' id='word_1_185' title='bbox 285 1141 353 1175; x_wconf 87' lang='lat' dir='ltr'>nostra</span> <span class='ocrx_word' id='word_1_186' title='bbox 360 1149 405 1175; x_wconf 52' lang='lat' dir='ltr'>*non</span> <span class='ocrx_word' id='word_1_187' title='bbox 416 1139 492 1185; x_wconf 84' lang='lat' dir='ltr'>possint</span> <span class='ocrx_word' id='word_1_188' title='bbox 504 1139 545 1185; x_wconf 86' lang='lat' dir='ltr'>sine</span> <span class='ocrx_word' id='word_1_189' title='bbox 558 1140 621 1175; x_wconf 88' lang='lat' dir='ltr'>anima</span> <span class='ocrx_word' id='word_1_190' title='bbox 629 1139 697 1184; x_wconf 85' lang='lat' dir='ltr'>vivere,</span> <span class='ocrx_word' id='word_1_191' title='bbox 704 1139 777 1175; x_wconf 86' lang='lat' dir='ltr'>lacilius</span> <span class='ocrx_word' id='word_1_192' title='bbox 785 1150 808 1176; x_wconf 90' lang='lat' dir='ltr'>ea</span> 
     </span>
     <span class='ocr_line' id='line_1_19' title="bbox 22 1191 808 1245; baseline 0 -11"><span class='ocrx_word' id='word_1_193' title='bbox 22 1199 84 1245; x_wconf 91' lang='lat' dir='ltr'>potuit</span> <span class='ocrx_word' id='word_1_194' title='bbox 95 1198 159 1234; x_wconf 84' lang='lat' dir='ltr'>anima</span> <span class='ocrx_word' id='word_1_195' title='bbox 171 1197 267 1235; x_wconf 79' lang='lat' dir='ltr'>vivificare</span> <span class='ocrx_word' id='word_1_196' title='bbox 280 1191 338 1244; x_wconf 89' lang='lat' dir='ltr'>quam</span> <span class='ocrx_word' id='word_1_197' title='bbox 351 1208 437 1243; x_wconf 74' lang='lat' dir='ltr'>nosse»;</span> <span class='ocrx_word' id='word_1_198' title='bbox 450 1197 473 1234; x_wconf 84' lang='lat' dir='ltr'>ei.</span> <span class='ocrx_word' id='word_1_199' title='bbox 486 1198 539 1243; x_wconf 83' lang='lat' dir='ltr'>Epis.</span> <span class='ocrx_word' id='word_1_200' title='bbox 552 1198 583 1242; x_wconf 85' lang='lat' dir='ltr'>lx,</span> <span class='ocrx_word' id='word_1_201' title='bbox 592 1199 609 1234; x_wconf 82' lang='lat'>3.</span> <span class='ocrx_word' id='word_1_202' title='bbox 623 1198 679 1234; x_wconf 87' lang='lat' dir='ltr'>Hanc</span> <span class='ocrx_word' id='word_1_203' title='bbox 691 1198 747 1234; x_wconf 88' lang='lat' dir='ltr'>aliam</span> <span class='ocrx_word' id='word_1_204' title='bbox 760 1208 808 1243; x_wconf 93' lang='lat' dir='ltr'>quo-</span> 
     </span>
     <span class='ocr_line' id='line_1_20' title="bbox 22 1254 808 1303; baseline 0 -10"><span class='ocrx_word' id='word_1_205' title='bbox 22 1268 60 1303; x_wconf 89' lang='lat' dir='ltr'>que</span> <span class='ocrx_word' id='word_1_206' title='bbox 71 1257 127 1294; x_wconf 88' lang='lat' dir='ltr'>liceat</span> <span class='ocrx_word' id='word_1_207' title='bbox 138 1257 196 1293; x_wconf 89' lang='lat' dir='ltr'>nobis</span> <span class='ocrx_word' id='word_1_208' title='bbox 208 1256 302 1293; x_wconf 88' lang='lat' dir='ltr'>indicare:</span> <span class='ocrx_word' id='word_1_209' title='bbox 315 1257 417 1303; x_wconf 91' lang='lat' dir='ltr'>quomodo</span> <span class='ocrx_word' id='word_1_210' title='bbox 425 1257 461 1293; x_wconf 90' lang='lat' dir='ltr'>&#39;illa</span> <span class='ocrx_word' id='word_1_211' title='bbox 473 1257 523 1293; x_wconf 88' lang='lat' dir='ltr'>actio</span> <span class='ocrx_word' id='word_1_212' title='bbox 535 1267 574 1303; x_wconf 91' lang='lat' dir='ltr'>qua</span> <span class='ocrx_word' id='word_1_213' title='bbox 586 1257 649 1293; x_wconf 89' lang='lat' dir='ltr'>anima</span> <span class='ocrx_word' id='word_1_214' title='bbox 664 1254 755 1293; x_wconf 89' lang='lat' dir='ltr'>numeros</span> <span class='ocrx_word' id='word_1_215' title='bbox 767 1267 808 1293; x_wconf 86' lang='lat' dir='ltr'>eor·</span> 
     </span>
     <span class='ocr_line' id='line_1_21' title="bbox 22 1316 808 1363; baseline -0.001 -10"><span class='ocrx_word' id='word_1_216' title='bbox 22 1317 74 1363; x_wconf 90' lang='lat' dir='ltr'>poris</span> <span class='ocrx_word' id='word_1_217' title='bbox 86 1317 139 1363; x_wconf 82' lang='lat' dir='ltr'>regit,</span> <span class='ocrx_word' id='word_1_218' title='bbox 152 1317 242 1360; x_wconf 86' lang='lat' dir='ltr'>eontinet,</span> <span class='ocrx_word' id='word_1_219' title='bbox 256 1316 337 1361; x_wconf 90' lang='lat' dir='ltr'>ordinat,</span> <span class='ocrx_word' id='word_1_220' title='bbox 350 1318 391 1361; x_wconf 88' lang='lat' dir='ltr'>etc.‚</span> <span class='ocrx_word' id='word_1_221' title='bbox 404 1318 468 1362; x_wconf 85' lang='lat' dir='ltr'>potest</span> <span class='ocrx_word' id='word_1_222' title='bbox 479 1316 516 1362; x_wconf 89' lang='lat' dir='ltr'>ipsi</span> <span class='ocrx_word' id='word_1_223' title='bbox 529 1317 617 1353; x_wconf 89' lang='lat' dir='ltr'>attentius</span> <span class='ocrx_word' id='word_1_224' title='bbox 635 1317 698 1363; x_wconf 83' lang='lat' dir='ltr'>agenti</span> <span class='ocrx_word' id='word_1_225' title='bbox 717 1327 808 1363; x_wconf 89' lang='lat' dir='ltr'>apparere</span> 
     </span>
     <span class='ocr_line' id='line_1_22' title="bbox 22 1374 807 1421; baseline 0 -10"><span class='ocrx_word' id='word_1_226' title='bbox 22 1377 113 1421; x_wconf 82' lang='lat' dir='ltr'>tanquam</span> <span class='ocrx_word' id='word_1_227' title='bbox 131 1375 215 1412; x_wconf 89' lang='lat' dir='ltr'>sensatio</span> <span class='ocrx_word' id='word_1_228' title='bbox 234 1375 341 1421; x_wconf 89' lang='lat' dir='ltr'>voluptatis,</span> <span class='ocrx_word' id='word_1_229' title='bbox 354 1375 433 1419; x_wconf 88' lang='lat' dir='ltr'>doloris,</span> <span class='ocrx_word' id='word_1_230' title='bbox 445 1374 514 1412; x_wconf 81' lang='lat' dir='ltr'>tamis?</span> <span class='ocrx_word' id='word_1_231' title='bbox 527 1375 562 1411; x_wconf 91' lang='lat' dir='ltr'>sed</span> <span class='ocrx_word' id='word_1_232' title='bbox 578 1375 807 1421; x_wconf 83' lang='lat' dir='ltr'>praesertim‚.quomod0</span> 
     </span>
     <span class='ocr_line' id='line_1_23' title="bbox 22 1433 808 1480; baseline 0 -11"><span class='ocrx_word' id='word_1_233' title='bbox 22 1434 62 1470; x_wconf 88' lang='lat' dir='ltr'>talis</span> <span class='ocrx_word' id='word_1_234' title='bbox 75 1434 162 1480; x_wconf 85' lang='lat' dir='ltr'>operatio</span> <span class='ocrx_word' id='word_1_235' title='bbox 170 1441 266 1480; x_wconf 76' lang='lat' dir='ltr'>‘apparere</span> <span class='ocrx_word' id='word_1_236' title='bbox 279 1435 343 1480; x_wconf 90' lang='lat' dir='ltr'>potest</span> <span class='ocrx_word' id='word_1_237' title='bbox 354 1436 447 1480; x_wconf 86' lang='lat' dir='ltr'>tanquam</span> <span class='ocrx_word' id='word_1_238' title='bbox 461 1434 608 1479; x_wconf 74' lang='lat' dir='ltr'>repraesentatio</span> <span class='ocrx_word' id='word_1_239' title='bbox 622 1434 701 1470; x_wconf 86' lang='lat' dir='ltr'>alicuius</span> <span class='ocrx_word' id='word_1_240' title='bbox 714 1433 808 1479; x_wconf 81' lang='lat' dir='ltr'>qualitatis</span> 
     </span>
     <span class='ocr_line' id='line_1_24' title="bbox 23 1492 808 1539; baseline -0.001 -11"><span class='ocrx_word' id='word_1_241' title='bbox 23 1492 123 1537; x_wconf 90' lang='lat' dir='ltr'>sensibilis,</span> <span class='ocrx_word' id='word_1_242' title='bbox 136 1494 155 1529; x_wconf 89' lang='lat' dir='ltr'>et</span> <span class='ocrx_word' id='word_1_243' title='bbox 166 1492 246 1539; x_wconf 88' lang='lat' dir='ltr'>quidem</span> <span class='ocrx_word' id='word_1_244' title='bbox 259 1494 312 1529; x_wconf 86' lang='lat' dir='ltr'>extra</span> <span class='ocrx_word' id='word_1_245' title='bbox 324 1492 446 1529; x_wconf 86' lang='lat' dir='ltr'>exsistentis?</span> <span class='ocrx_word' id='word_1_246' title='bbox 460 1493 505 1528; x_wconf 89' lang='lat' dir='ltr'>Non</span> <span class='ocrx_word' id='word_1_247' title='bbox 518 1492 604 1538; x_wconf 85' lang='lat' dir='ltr'>proiecto</span> <span class='ocrx_word' id='word_1_248' title='bbox 620 1493 692 1529; x_wconf 81' lang='lat' dir='ltr'>clarum</span> <span class='ocrx_word' id='word_1_249' title='bbox 704 1493 733 1528; x_wconf 89' lang='lat' dir='ltr'>est</span> <span class='ocrx_word' id='word_1_250' title='bbox 745 1494 808 1527; x_wconf 90' lang='lat' dir='ltr'>ulrum</span> 
     </span>
     <span class='ocr_line' id='line_1_25' title="bbox 22 1540 808 1597; baseline 0 -11"><span class='ocrx_word' id='word_1_251' title='bbox 22 1551 64 1597; x_wconf 89' lang='lat' dir='ltr'>ipsa</span> <span class='ocrx_word' id='word_1_252' title='bbox 75 1552 108 1587; x_wconf 89' lang='lat' dir='ltr'>illa</span> <span class='ocrx_word' id='word_1_253' title='bbox 119 1552 237 1588; x_wconf 84' lang='lat' dir='ltr'>conscientia</span> <span class='ocrx_word' id='word_1_254' title='bbox 249 1562 295 1588; x_wconf 88' lang='lat' dir='ltr'>suae</span> <span class='ocrx_word' id='word_1_255' title='bbox 308 1551 425 1597; x_wconf 89' lang='lat' dir='ltr'>operationis</span> <span class='ocrx_word' id='word_1_256' title='bbox 438 1552 541 1588; x_wconf 86' lang='lat' dir='ltr'>constituat</span> <span class='ocrx_word' id='word_1_257' title='bbox 559 1551 694 1595; x_wconf 88' lang='lat' dir='ltr'>sensationem,</span> <span class='ocrx_word' id='word_1_258' title='bbox 707 1540 732 1587; x_wconf 80' lang='lat' dir='ltr'>an</span> <span class='ocrx_word' id='word_1_259' title='bbox 743 1550 808 1596; x_wconf 79' lang='lat' dir='ltr'>imago</span> 
     </span>
     <span class='ocr_line' id='line_1_26' title="bbox 23 1609 809 1658; baseline 0 -12"><span class='ocrx_word' id='word_1_260' title='bbox 23 1621 80 1657; x_wconf 89' lang='lat' dir='ltr'>quam</span> <span class='ocrx_word' id='word_1_261' title='bbox 93 1611 157 1652; x_wconf 87' lang='lat' dir='ltr'>anima</span> <span class='ocrx_word' id='word_1_262' title='bbox 169 1611 189 1647; x_wconf 93' lang='lat' dir='ltr'>in</span> <span class='ocrx_word' id='word_1_263' title='bbox 202 1611 265 1658; x_wconf 92' lang='lat' dir='ltr'>seipsa</span> <span class='ocrx_word' id='word_1_264' title='bbox 277 1609 365 1647; x_wconf 85' lang='lat' dir='ltr'>eiiormat</span> <span class='ocrx_word' id='word_1_265' title='bbox 377 1610 471 1647; x_wconf 88' lang='lat' dir='ltr'>celeritate</span> <span class='ocrx_word' id='word_1_266' title='bbox 484 1610 570 1647; x_wconf 88' lang='lat' dir='ltr'>mirabili.</span> <span class='ocrx_word' id='word_1_267' title='bbox 579 1610 707 1656; x_wconf 85' lang='lat' dir='ltr'>Quidquidid</span> <span class='ocrx_word' id='word_1_268' title='bbox 716 1611 750 1654; x_wconf 91' lang='lat' dir='ltr'>est,</span> <span class='ocrx_word' id='word_1_269' title='bbox 759 1610 809 1646; x_wconf 90' lang='lat' dir='ltr'>adeo</span> 
     </span>
     <span class='ocr_line' id='line_1_27' title="bbox 23 1666 809 1719; baseline -0.001 -12"><span class='ocrx_word' id='word_1_270' title='bbox 23 1671 137 1709; x_wconf 86' lang='lat' dir='ltr'>subiectivae</span> <span class='ocrx_word' id='word_1_271' title='bbox 150 1673 195 1709; x_wconf 91' lang='lat' dir='ltr'>sunt</span> <span class='ocrx_word' id='word_1_272' title='bbox 206 1671 300 1719; x_wconf 85' lang='lat' dir='ltr'>imagines</span> <span class='ocrx_word' id='word_1_273' title='bbox 312 1666 418 1717; x_wconf 85' lang='lat' dir='ltr'>sensibiles,</span> <span class='ocrx_word' id='word_1_274' title='bbox 427 1672 448 1707; x_wconf 92' lang='lat' dir='ltr'>ut</span> <span class='ocrx_word' id='word_1_275' title='bbox 456 1681 496 1717; x_wconf 90' lang='lat' dir='ltr'>quo</span> <span class='ocrx_word' id='word_1_276' title='bbox 508 1670 549 1707; x_wconf 87' lang='lat' dir='ltr'>iure</span> <span class='ocrx_word' id='word_1_277' title='bbox 561 1681 647 1717; x_wconf 89' lang='lat' dir='ltr'>unquam</span> <span class='ocrx_word' id='word_1_278' title='bbox 661 1670 727 1707; x_wconf 86' lang='lat' dir='ltr'>haberi</span> <span class='ocrx_word' id='word_1_279' title='bbox 735 1669 809 1717; x_wconf 88' lang='lat' dir='ltr'>possint</span> 
     </span>
     <span class='ocr_line' id='line_1_28' title="bbox 23 1731 612 1779; baseline 0.002 -12"><span class='ocrx_word' id='word_1_280' title='bbox 23 1732 114 1779; x_wconf 86' lang='lat' dir='ltr'>tanquam</span> <span class='ocrx_word' id='word_1_281' title='bbox 127 1731 310 1779; x_wconf 82' lang='lat' dir='ltr'>repraesentationes</span> <span class='ocrx_word' id='word_1_282' title='bbox 323 1742 386 1769; x_wconf 88' lang='lat' dir='ltr'>rerum</span> <span class='ocrx_word' id='word_1_283' title='bbox 399 1733 452 1768; x_wconf 88' lang='lat' dir='ltr'>extra</span> <span class='ocrx_word' id='word_1_284' title='bbox 464 1732 612 1778; x_wconf 85' lang='lat' dir='ltr'>nonappareat.</span> 
     </span>
    </p>
   </div>
   <div class='ocr_carea' id='block_1_3' title="bbox 23 1897 857 2406">
    <p class='ocr_par' dir='ltr' id='par_1_5' title="bbox 23 1897 857 2406">
     <span class='ocr_line' id='line_1_29' title="bbox 76 1897 810 1948; baseline 0.003 -11"><span class='ocrx_word' id='word_1_285' title='bbox 76 1909 99 1938; x_wconf 90' lang='lat' dir='ltr'>v.</span> <span class='ocrx_word' id='word_1_286' title='bbox 114 1897 150 1939; x_wconf 90' lang='lat' dir='ltr'>De</span> <span class='ocrx_word' id='word_1_287' title='bbox 165 1909 240 1939; x_wconf 90' lang='lat' dir='ltr'>sensu</span> <span class='ocrx_word' id='word_1_288' title='bbox 262 1898 388 1939; x_wconf 83' lang='lat' dir='ltr'>interiore·</span> <span class='ocrx_word' id='word_1_289' title='bbox 401 1901 435 1941; x_wconf 85' lang='lat' dir='ltr'>De</span> <span class='ocrx_word' id='word_1_290' title='bbox 448 1900 495 1940; x_wconf 86' lang='lat' dir='ltr'>Lib.</span> <span class='ocrx_word' id='word_1_291' title='bbox 510 1899 563 1941; x_wconf 82' lang='lat' dir='ltr'>Arb.</span> <span class='ocrx_word' id='word_1_292' title='bbox 582 1899 607 1948; x_wconf 80' lang='lat' dir='ltr'>ll¹</span> <span class='ocrx_word' id='word_1_293' title='bbox 624 1900 653 1948; x_wconf 78' lang='lat' dir='ltr'>iii,</span> <span class='ocrx_word' id='word_1_294' title='bbox 669 1901 693 1940; x_wconf 91' lang='lat'>8:</span> <span class='ocrx_word' id='word_1_295' title='bbox 709 1898 735 1940; x_wconf 80' lang='grc' dir='ltr'>Α.</span> <span class='ocrx_word' id='word_1_296' title='bbox 751 1899 810 1946; x_wconf 88' lang='lat' dir='ltr'>Quid</span> 
     </span>
     <span class='ocr_line' id='line_1_30' title="bbox 24 1964 811 2016; baseline 0 -12"><span class='ocrx_word' id='word_1_297' title='bbox 24 1965 87 2014; x_wconf 81' lang='lat' dir='ltr'>igitur</span> <span class='ocrx_word' id='word_1_298' title='bbox 101 1966 128 2007; x_wconf 92' lang='lat' dir='ltr'>ad</span> <span class='ocrx_word' id='word_1_299' title='bbox 142 1978 251 2016; x_wconf 88' lang='lat' dir='ltr'>quemque</span> <span class='ocrx_word' id='word_1_300' title='bbox 261 1977 347 2007; x_wconf 86' lang='lat' dir='ltr'>sensum</span> <span class='ocrx_word' id='word_1_301' title='bbox 359 1965 470 2015; x_wconf 75' lang='lat' dir='ltr'>pertineat,</span> <span class='ocrx_word' id='word_1_302' title='bbox 481 1968 502 2006; x_wconf 90' lang='lat' dir='ltr'>et</span> <span class='ocrx_word' id='word_1_303' title='bbox 515 1965 567 2014; x_wconf 92' lang='lat' dir='ltr'>quid</span> <span class='ocrx_word' id='word_1_304' title='bbox 582 1966 636 2005; x_wconf 88' lang='lat' dir='ltr'>inter</span> <span class='ocrx_word' id='word_1_305' title='bbox 650 1976 673 2005; x_wconf 94' lang='lat' dir='ltr'>se</span> <span class='ocrx_word' id='word_1_306' title='bbox 687 1964 720 2004; x_wconf 88' lang='lat' dir='ltr'>vel</span> <span class='ocrx_word' id='word_1_307' title='bbox 735 1976 811 2004; x_wconf 90' lang='lat' dir='ltr'>omnes</span> 
     </span>
     <span class='ocr_line' id='line_1_31' title="bbox 23 2029 811 2080; baseline -0.003 -10"><span class='ocrx_word' id='word_1_308' title='bbox 23 2030 56 2070; x_wconf 90' lang='lat' dir='ltr'>vel</span> <span class='ocrx_word' id='word_1_309' title='bbox 70 2031 158 2080; x_wconf 87' lang='lat' dir='ltr'>quidam</span> <span class='ocrx_word' id='word_1_310' title='bbox 173 2043 249 2073; x_wconf 87' lang='lat' dir='ltr'>eorum</span> <span class='ocrx_word' id='word_1_311' title='bbox 263 2032 407 2072; x_wconf 88' lang='lat' dir='ltr'>communiter</span> <span class='ocrx_word' id='word_1_312' title='bbox 416 2030 515 2077; x_wconf 88' lang='lat' dir='ltr'>habeant,</span> <span class='ocrx_word' id='word_1_313' title='bbox 527 2042 578 2070; x_wconf 90' lang='lat' dir='ltr'>num</span> <span class='ocrx_word' id='word_1_314' title='bbox 593 2041 708 2078; x_wconf 86' lang='lat' dir='ltr'>possumus</span> <span class='ocrx_word' id='word_1_315' title='bbox 720 2029 765 2069; x_wconf 90' lang='lat' dir='ltr'>ullo</span> <span class='ocrx_word' id='word_1_316' title='bbox 775 2040 811 2069; x_wconf 90' lang='lat' dir='ltr'>eo-</span> 
     </span>
     <span class='ocr_line' id='line_1_32' title="bbox 23 2094 811 2144; baseline 0 -10"><span class='ocrx_word' id='word_1_317' title='bbox 23 2106 70 2135; x_wconf 89' lang='lat' dir='ltr'>rum</span> <span class='ocrx_word' id='word_1_318' title='bbox 84 2108 148 2136; x_wconf 89' lang='lat' dir='ltr'>sensu</span> <span class='ocrx_word' id='word_1_319' title='bbox 163 2096 294 2137; x_wconf 82' lang='lat' dir='ltr'>diiudicare?</span> <span class='ocrx_word' id='word_1_320' title='bbox 304 2096 328 2136; x_wconf 88' lang='lat' dir='ltr'>E.</span> <span class='ocrx_word' id='word_1_321' title='bbox 339 2095 405 2136; x_wconf 90' lang='lat' dir='ltr'>Nullo</span> <span class='ocrx_word' id='word_1_322' title='bbox 418 2095 492 2142; x_wconf 85' lang='lat' dir='ltr'>modo,</span> <span class='ocrx_word' id='word_1_323' title='bbox 504 2094 542 2135; x_wconf 89' lang='lat' dir='ltr'>sed</span> <span class='ocrx_word' id='word_1_324' title='bbox 552 2094 647 2144; x_wconf 88' lang='lat' dir='ltr'>quodam</span> <span class='ocrx_word' id='word_1_325' title='bbox 662 2094 762 2134; x_wconf 84' lang='lat' dir='ltr'>interiore</span> <span class='ocrx_word' id='word_1_326' title='bbox 772 2095 811 2134; x_wconf 88' lang='lat' dir='ltr'>ista</span> 
     </span>
     <span class='ocr_line' id='line_1_33' title="bbox 24 2158 811 2210; baseline 0 -11"><span class='ocrx_word' id='word_1_327' title='bbox 24 2159 192 2202; x_wconf 85' lang='lat' dir='ltr'>diiudicantur...</span> <span class='ocrx_word' id='word_1_328' title='bbox 208 2161 235 2201; x_wconf 89' lang='lat' dir='ltr'>ad</span> <span class='ocrx_word' id='word_1_329' title='bbox 249 2172 314 2210; x_wconf 91' lang='lat' dir='ltr'>quem</span> <span class='ocrx_word' id='word_1_330' title='bbox 329 2159 356 2201; x_wconf 90' lang='lat' dir='ltr'>ab</span> <span class='ocrx_word' id='word_1_331' title='bbox 368 2161 413 2201; x_wconf 90' lang='lat' dir='ltr'>istis</span> <span class='ocrx_word' id='word_1_332' title='bbox 427 2160 522 2209; x_wconf 91' lang='lat' dir='ltr'>quinque</span> <span class='ocrx_word' id='word_1_333' title='bbox 537 2159 654 2199; x_wconf 86' lang='lat' dir='ltr'>notissimis</span> <span class='ocrx_word' id='word_1_334' title='bbox 668 2160 744 2199; x_wconf 89' lang='lat' dir='ltr'>cuncta</span> <span class='ocrx_word' id='word_1_335' title='bbox 758 2158 811 2199; x_wconf 86' lang='lat' dir='ltr'>reie-</span> 
     </span>
     <span class='ocr_line' id='line_1_34' title="bbox 24 2222 857 2276; baseline -0.001 -13"><span class='ocrx_word' id='word_1_336' title='bbox 24 2227 102 2267; x_wconf 85' lang='lat' dir='ltr'>rantur.</span> <span class='ocrx_word' id='word_1_337' title='bbox 118 2226 218 2276; x_wconf 89' lang='lat' dir='ltr'>Namque</span> <span class='ocrx_word' id='word_1_338' title='bbox 232 2226 290 2267; x_wconf 89' lang='lat' dir='ltr'>aliud</span> <span class='ocrx_word' id='word_1_339' title='bbox 304 2228 336 2266; x_wconf 91' lang='lat' dir='ltr'>est</span> <span class='ocrx_word' id='word_1_340' title='bbox 350 2224 410 2274; x_wconf 85' lang='lat' dir='ltr'>quod</span> <span class='ocrx_word' id='word_1_341' title='bbox 424 2224 481 2265; x_wconf 89' lang='lat' dir='ltr'>videt</span> <span class='ocrx_word' id='word_1_342' title='bbox 495 2224 570 2271; x_wconf 87' lang='lat' dir='ltr'>bestia,</span> <span class='ocrx_word' id='word_1_343' title='bbox 586 2222 644 2263; x_wconf 89' lang='lat' dir='ltr'>aliud</span> <span class='ocrx_word' id='word_1_344' title='bbox 658 2234 702 2272; x_wconf 88' lang='lat' dir='ltr'>quo</span> <span class='ocrx_word' id='word_1_345' title='bbox 717 2235 742 2263; x_wconf 89' lang='lat' dir='ltr'>ea</span> <span class='ocrx_word' id='word_1_346' title='bbox 756 2234 811 2272; x_wconf 86' lang='lat' dir='ltr'>quae</span> <span class='ocrx_word' id='word_1_347' title='bbox 854 2249 857 2253; x_wconf 31' lang='grc' dir='ltr'><strong><em>ι</em></strong></span> 
     </span>
     <span class='ocr_line' id='line_1_35' title="bbox 24 2287 812 2340; baseline -0.001 -12"><span class='ocrx_word' id='word_1_348' title='bbox 24 2290 117 2331; x_wconf 88' lang='lat' dir='ltr'>videndo</span> <span class='ocrx_word' id='word_1_349' title='bbox 131 2292 202 2339; x_wconf 84' lang='lat' dir='ltr'>sentit,</span> <span class='ocrx_word' id='word_1_350' title='bbox 217 2291 251 2332; x_wconf 90' lang='lat' dir='ltr'>vel</span> <span class='ocrx_word' id='word_1_351' title='bbox 265 2291 317 2331; x_wconf 89' lang='lat' dir='ltr'>vitat</span> <span class='ocrx_word' id='word_1_352' title='bbox 330 2290 363 2331; x_wconf 91' lang='lat' dir='ltr'>vel</span> <span class='ocrx_word' id='word_1_353' title='bbox 378 2290 470 2340; x_wconf 88' lang='lat' dir='ltr'>appetit:</span> <span class='ocrx_word' id='word_1_354' title='bbox 486 2289 521 2329; x_wconf 88' lang='lat' dir='ltr'>ille</span> <span class='ocrx_word' id='word_1_355' title='bbox 536 2289 593 2328; x_wconf 91' lang='lat' dir='ltr'>enim</span> <span class='ocrx_word' id='word_1_356' title='bbox 614 2299 689 2328; x_wconf 90' lang='lat' dir='ltr'>sensus</span> <span class='ocrx_word' id='word_1_357' title='bbox 706 2288 728 2328; x_wconf 89' lang='lat' dir='ltr'>in</span> <span class='ocrx_word' id='word_1_358' title='bbox 743 2287 812 2328; x_wconf 88' lang='lat' dir='ltr'>oculis</span> 
     </span>
     <span class='ocr_line' id='line_1_36' title="bbox 24 2352 811 2406; baseline -0.004 -11"><span class='ocrx_word' id='word_1_359' title='bbox 24 2357 62 2404; x_wconf 90' lang='lat' dir='ltr'>est,</span> <span class='ocrx_word' id='word_1_360' title='bbox 75 2356 112 2397; x_wconf 67' lang='lat' dir='ltr'>&#39;ille</span> <span class='ocrx_word' id='word_1_361' title='bbox 127 2360 198 2398; x_wconf 89' lang='lat' dir='ltr'>autem</span> <span class='ocrx_word' id='word_1_362' title='bbox 220 2358 278 2398; x_wconf 91' lang='lat' dir='ltr'>intus</span> <span class='ocrx_word' id='word_1_363' title='bbox 291 2357 312 2397; x_wconf 91' lang='lat' dir='ltr'>in</span> <span class='ocrx_word' id='word_1_364' title='bbox 327 2357 373 2406; x_wconf 90' lang='lat' dir='ltr'>ipsa</span> <span class='ocrx_word' id='word_1_365' title='bbox 389 2356 485 2397; x_wconf 77' lang='lat' dir='ltr'>anima...</span> <span class='ocrx_word' id='word_1_366' title='bbox 507 2353 580 2395; x_wconf 87' lang='lat' dir='ltr'>nescio</span> <span class='ocrx_word' id='word_1_367' title='bbox 601 2352 654 2403; x_wconf 89' lang='lat' dir='ltr'>quid</span> <span class='ocrx_word' id='word_1_368' title='bbox 675 2352 733 2393; x_wconf 90' lang='lat' dir='ltr'>aliud</span> <span class='ocrx_word' id='word_1_369' title='bbox 752 2352 811 2402; x_wconf 92' lang='lat' dir='ltr'>quod</span> 
     </span>
    </p>
   </div>
   <div class='ocr_carea' id='block_1_4' title="bbox 25 2422 411 2473">
    <p class='ocr_par' dir='ltr' id='par_1_6' title="bbox 25 2422 411 2473">
     <span class='ocr_line' id='line_1_37' title="bbox 25 2422 411 2473; baseline 0.003 -11"><span class='ocrx_word' id='word_1_370' title='bbox 25 2422 125 2465; x_wconf 85' lang='lat' dir='ltr'>omnibus</span> <span class='ocrx_word' id='word_1_371' title='bbox 139 2424 283 2466; x_wconf 90' lang='lat' dir='ltr'>communiter</span> <span class='ocrx_word' id='word_1_372' title='bbox 297 2422 411 2473; x_wconf 87' lang='lat' dir='ltr'>praesidet.</span> 
     </span>
    </p>
   </div>
   <div class='ocr_carea' id='block_1_5' title="bbox 72 2533 806 2606">
    <p class='ocr_par' dir='ltr' id='par_1_7' title="bbox 72 2533 806 2606">
     <span class='ocr_line' id='line_1_38' title="bbox 72 2533 806 2606; baseline -0.007 -12"><span class='ocrx_word' id='word_1_373' title='bbox 72 2568 93 2595; x_wconf 85' lang='lat' dir='ltr'>a.</span> <span class='ocrx_word' id='word_1_374' title='bbox 107 2559 172 2606; x_wconf 80' lang='lat' dir='ltr'>Pergit</span> <span class='ocrx_word' id='word_1_375' title='bbox 184 2533 298 2597; x_wconf 89' lang='lat' dir='ltr'>disserendo</span> <span class='ocrx_word' id='word_1_376' title='bbox 310 2558 335 2595; x_wconf 92' lang='lat' dir='ltr'>de</span> <span class='ocrx_word' id='word_1_377' title='bbox 348 2558 385 2595; x_wconf 88' lang='lat' dir='ltr'>boc</span> <span class='ocrx_word' id='word_1_378' title='bbox 398 2567 456 2594; x_wconf 87' lang='lat' dir='ltr'>sensu</span> <span class='ocrx_word' id='word_1_379' title='bbox 468 2556 557 2592; x_wconf 89' lang='lat' dir='ltr'>interiore</span> <span class='ocrx_word' id='word_1_380' title='bbox 570 2565 631 2601; x_wconf 88' lang='lat' dir='ltr'>usque</span> <span class='ocrx_word' id='word_1_381' title='bbox 644 2554 668 2591; x_wconf 90' lang='lat' dir='ltr'>ad</span> <span class='ocrx_word' id='word_1_382' title='bbox 680 2565 698 2599; x_wconf 90' lang='lat' dir='ltr'>v,</span> <span class='ocrx_word' id='word_1_383' title='bbox 712 2554 739 2591; x_wconf 85' lang='lat' dir='ltr'>il.</span> <span class='ocrx_word' id='word_1_384' title='bbox 795 2566 806 2573; x_wconf 69' lang='grc'>·’</span> 
     </span>
    </p>
   </div>
   <div class='ocr_carea' id='block_1_6' title="bbox 0 0 895 2978">
    <p class='ocr_par' dir='ltr' id='par_1_8' title="bbox 0 0 895 2978">
     <span class='ocr_line' id='line_1_39' title="bbox 0 0 895 2978; baseline 0 0"><span class='ocrx_word' id='word_1_385' title='bbox 0 0 895 2978; x_wconf 95' lang='lat' dir='ltr'> </span> 
     </span>
    </p>
   </div>
  </div>
 </body>
</html>
