1768 2978
248 61 267 96 8.
284 80 291 86 -
309 69 335 98 or
348 71 430 100 v1s10ue
442 73 556 104 sainnunu
709 116 711 119 Ι
771 67 795 101 27

56 189 77 215 a.
90 178 119 215 Ct.
132 189 191 225 supra
203 180 220 220 7.
233 179 258 224 iii,
272 182 360 226 excerpta
375 193 399 217 ex
412 182 442 218 De
456 183 503 220 Gen.
516 185 542 220 ud
553 184 589 220 Lit.
602 185 642 220 ΧΠ.
657 185 796 221 Enumerantur

9 243 27 277 in
40 240 78 275 hoc
90 236 160 273 eodem
169 246 232 283 'opere
245 238 367 283 operationes
380 251 429 285 quae
442 240 466 275 ad
478 242 571 277 visionem
581 242 696 287 spiritualem
705 243 796 287 spectant,

9 298 48 341 Xll,
61 295 113 339 xxiii,
122 295 155 331 49.
169 296 223 331 llaec
235 295 283 330 visio
299 309 306 324 «
318 297 437 333 medietatem
451 299 572 343 quamdam»
586 299 660 335 obtinet
672 300 720 335 inter
728 310 796 344 corpo-

10 356 66 392 ralem
79 354 98 388 et
110 352 262 396 intellectualem,
276 354 294 388 et
306 354 390 390 activitas
404 355 471 390 mentis
484 367 534 401 quae
546 358 593 392 tales
609 357 702 402 imagines
721 357 797 401 respicit

9 413 86 450 vocatur
100 423 108 439 «
116 410 207 456 cogitatio
215 424 231 445 ».
561 458 562 461 Ἴ
760 439 762 444 ,

57 468 78 504 h.
91 468 122 504 De
136 468 187 505 Trin.
200 469 231 514 Xt,
244 469 270 515 ix,
284 469 315 515 lb:
330 484 338 500 «
347 471 367 506 ln
382 471 418 507 hac
431 471 487 518 igitur
500 473 633 508 distributione
642 483 686 509 cum
695 473 797 519 incipimus

10 545 20 570 a
33 530 96 579 specie
109 530 201 576 corporis,
214 531 232 567 et
245 531 367 577 pervenimus
380 542 441 578 usque
454 532 478 568 ad
491 533 575 579 speciem
585 544 634 580 quae
647 532 667 574 tit
679 533 698 569 in
712 532 797 569 contuitu

10 590 115 639 cogitantis,
132 592 222 636 quattuor
240 590 313 636 speeies
333 591 451 637 reperiuntur
463 593 517 638 quasi
530 593 623 639 gradatim
637 595 691 629 natae
704 594 759 629 altera
774 604 797 628 ex

10 653 83 689 altera...
96 649 113 685 Α
126 650 190 695 specie
203 650 275 696 quippe
289 651 375 697 corporis
388 651 441 697 quod
455 652 541 696 cernitur,
555 652 639 688 exoritur
652 664 674 688 ea
687 663 736 698 quae
744 652 766 688 tit
778 652 797 687 in

11 722 67 749 sensu
84 710 187 754 cernentis3
200 711 219 746 et
231 710 255 745 ab
268 710 304 745 bac
317 721 339 746 ea
352 721 401 756 quae
417 710 439 746 tit
451 711 470 746 in
484 712 584 755 memoria;
598 713 616 747 et
628 711 652 747 ab
666 712 701 747 hac
714 723 736 747 ea
749 722 798 756 quae

10 772 31 807 iit
46 771 65 806 in
82 769 123 805 acie
137 769 244 815 cogitantis.
258 769 381 816 Quapropter
394 770 483 805 voluntas
498 771 552 816 quasi
570 773 666 816 parentem
684 782 727 806 cum
744 771 798 816 prole

10 833 37 866 ter
49 827 134 874 copulat:
154 828 217 875 primo
236 828 320 874 speciem
339 829 426 874 corporis
439 839 482 864 cum
499 840 522 865 ea
537 840 594 875 quam
608 830 668 875 gignit
680 830 699 865 in
713 829 798 875 corporis

11 898 76 931 sensu3
89 888 107 922 et
119 886 181 932 ipsam
190 898 255 938 rursus
268 897 312 922 cum
325 899 347 923 ea
360 898 409 933 quae
422 887 443 923 tit
455 898 479 922 ex
492 889 523 923 illa
536 888 555 923 in
569 888 669 932 memoria;
678 892 735 934 atque
744 888 798 923 istam

11 956 89 992 quoque
101 945 156 992 tertio
169 956 213 981 cum
226 956 249 981 ea
261 956 311 990 quae
324 957 348 981 ex
361 946 392 981 illa
405 946 476 991 paritur
494 947 513 981 in
526 946 626 991 cogitantis
639 940 725 982 intuitu...
738 946 799 981 Visio-

11 1016 43 1041 nes
56 1004 107 1039 enim
120 1003 170 1039 duae
183 1006 236 1039 sunt:
252 1014 290 1039 una
303 1004 405 1048 sentientis,
424 1004 482 1039 altera
501 1004 619 1049 cogitantis...
632 1015 676 1040 cum
689 1004 737 1039 visio
756 1015 799 1039 sen·

10 1062 71 1098 tientis
80 1061 172 1097 formatur
185 1073 209 1097 ex
222 1072 320 1106 corpore...
330 1072 374 1097 cum
383 1061 431 1096 visio
440 1061 541 1106 cogitantis
549 1061 641 1109 tormatur
650 1073 674 1097 ex
683 1059 775 1097 memoria
783 1075 798 1096 a.

12 1120 98 1157 Secunda
115 1121 217 1165 copulatio,
231 1130 269 1165 qua
282 1120 365 1156 sensatio
382 1120 401 1155 in
419 1120 511 1155 memoria
528 1120 641 1164 reconditur,
655 1121 726 1156 nullam
739 1120 799 1165 gignit

11 1179 109 1215 visionem.
173 1201 176 1205 ›
309 1174 310 1178 ’

59 1246 78 1273 c.
91 1237 139 1274 [bid.
152 1238 182 1283 vii,
197 1239 227 1274 12:
247 1237 357 1279 «Quamvis
370 1237 421 1273 enim
435 1237 482 1273 haec
494 1237 583 1273 trinitas...
602 1236 708 1273 lorinsecus
727 1237 799 1272 invecta

13 1300 40 1335 est
51 1298 122 1344 animo,
135 1298 186 1336 intus
198 1300 262 1336 tamen
275 1297 342 1344 agitur,
355 1299 373 1335 et
386 1309 424 1334 non
438 1299 467 1334 est
480 1297 585 1345 quidquam
599 1297 639 1345 eius
652 1300 725 1345 praeter
740 1296 799 1344 ipsius

13 1359 86 1395 animae
99 1361 186 1396 naturam
194 1374 209 1395 ³2.

65 1506 89 1546 ii.
105 1505 141 1547 De
156 1507 276 1548 memoria
290 1506 409 1548 sensibili.
423 1532 430 1539 -
446 1510 510 1560 Cous.
522 1511 547 1558 Χ,
559 1511 602 1558 viii,
618 1511 653 1550 15:
671 1511 749 1559 Magna
759 1511 798 1550 ista

14 1576 44 1615 vis
58 1577 90 1615 est
98 1576 222 1623 memoriae,
232 1587 310 1624 magna
325 1577 395 1623 nimis,
408 1576 466 1615 Deus
477 1584 543 1623 meus,
555 1576 662 1625 penetrale
672 1576 766 1624 amplum
778 1577 799 1614 et

14 1639 127 1679 infinitum.
144 1640 199 1687 Quis
213 1640 239 1680 ad
254 1640 345 1680 tundam
360 1641 405 1688 ejus
420 1641 530 1688 pervenit?
545 1641 570 1680 Et
584 1640 616 1679 vis
630 1643 661 1680 est
672 1640 723 1679 haec
734 1640 798 1679 animi

14 1704 62 1750 mei,
74 1706 138 1753 atque
152 1705 179 1744 ad
194 1716 263 1744 meam
282 1706 377 1744 naturam
390 1705 491 1753 pertinet;
503 1717 542 1744 nec
552 1716 593 1752 ego
605 1705 649 1752 ipse
660 1705 721 1752 capio
732 1706 799 1743 totum

14 1768 72 1816 quod
86 1780 142 1808 sum.
159 1770 216 1818 Ergo
231 1770 315 1808 animus
329 1769 356 1808 ad
371 1768 492 1808 habendum
513 1770 606 1817 seipsum
627 1771 729 1817 angustus
746 1770 777 1807 est
784 1765 800 1813 *‚

14 1834 36 1871 ut
50 1831 86 1871 ubi
101 1833 128 1872 sit
142 1833 201 1882 quod
216 1834 248 1872 sui
264 1844 307 1881 non
330 1833 401 1881 capit?
420 1832 531 1881 Numquid
553 1835 610 1871 extra
632 1832 701 1880 ipsum
720 1843 801 1871 aenon

15 1895 35 1934 in
50 1896 111 1945 ipso?
126 1896 246 1943 Quomodo
261 1908 313 1945 ergo
328 1909 371 1936 non
387 1897 457 1945 capit?
471 1896 538 1936 Multa
553 1895 604 1935 mihi
620 1907 684 1944 super
694 1896 735 1935 boc
750 1895 801 1935 obo-

15 1960 66 2001 ritur
80 1961 201 2010 admiratio,
217 1964 292 2012 stupor
307 1961 448 2013 apprehendit
462 1972 504 2002 me.
519 1961 544 2001 Et
558 1963 609 2001 eunt
623 1960 722 2001 homines
736 1960 803 2000 admi·

15 2028 53 2068 rari
69 2021 115 2069 alta¹
125 2029 239 2077 montium,
251 2031 271 2069 et
281 2029 378 2078 ingentes
392 2028 470 2068 fluctus
485 2028 556 2076 maris,
567 2030 588 2068 et
602 2028 717 2068 latissimos
731 2027 803 2077 lapsus

15 2093 136 2142 iluminum,
153 2098 174 2136 et
188 2096 262 2136 oceani
283 2095 395 2142 ambitum,
411 2097 432 2135 et
446 2106 510 2143 gyros
529 2094 631 2141 siderum,
647 2097 668 2134 et
682 2094 803 2142 relinquunt

15 2159 108 2208 seipsos
124 2173 163 2202 nec
183 2162 286 2202 mirantur
305 2161 363 2211 quod
383 2160 435 2200 baec
452 2161 524 2200 omnia
539 2172 587 2200 cum
603 2159 703 2206 dicerem,
720 2171 763 2199 non
779 2171 803 2198 ea

16 2224 113 2266 videbam
136 2227 211 2274 oculis,
228 2239 267 2267 nec
286 2229 356 2266 tamen
379 2226 479 2271 dicerem,
496 2226 535 2265 nisi
556 2227 640 2264 montes
655 2227 675 2264 et
691 2224 769 2264 fluctus
783 2226 804 2263 et

16 2287 104 2330 flumina
119 2294 139 2331 et
153 2292 223 2332 sidera
238 2304 292 2341 quae
307 2292 358 2338 vidi,
374 2293 395 2331 et
409 2290 520 2330 Oceanum
536 2301 599 2338 quem
615 2289 703 2335 credidi,
716 2290 772 2328 intus
783 2289 803 2327 in

17 2356 119 2396 memoria
129 2368 177 2397 mea
187 2356 282 2397 viderem
297 2357 371 2405 spatiis
380 2359 423 2396 tam
435 2354 556 2403 ingentibus
566 2354 626 2402 quasi
637 2353 689 2393 ioris
700 2353 802 2409 viderem.

16 2417 61 2458 Nec
75 2432 99 2460 ea
114 2423 185 2461 tamen
207 2421 301 2461 videndo
323 2420 423 2460 absorbui
446 2419 532 2467 quando
547 2418 590 2457 vidi
606 2417 684 2463 oculis3
700 2429 739 2456 nec
758 2418 803 2465 ipsa

16 2485 64 2522 sunt
78 2484 135 2532 apud
151 2488 193 2532 me,
204 2485 242 2525 sed
257 2486 361 2533 imagines
376 2495 462 2529 eorum3
474 2485 494 2522 et
509 2482 558 2521 novi
573 2481 625 2529 quid
640 2493 665 2520 ex
679 2492 723 2529 quo
740 2492 803 2519 sensu

17 2549 113 2595 corporis
128 2549 256 2599 impressum
271 2549 298 2589 sit
312 2548 372 2588 milri.
581 2542 585 2546 ”
