1768 2978
231 57 248 93 o.
262 77 270 115 ',
282 65 384 95 Ascensus
397 67 477 107 imnis
490 69 518 97 no
532 69 590 99 onon
783 63 805 97 17

17 182 90 218 meatus
99 188 133 224 per
142 176 227 213 animam
235 182 321 212 nostram
330 176 446 214 conducunt.
458 178 523 215 Minus
533 180 583 216 enim
592 181 672 216 conatur
680 179 698 215 vi
707 178 805 215 dialectica

17 248 116 277 assensum
125 247 195 282 cogere
202 246 261 282 quam
268 235 358 282 paulatim
368 238 386 272 et
394 237 487 282 gradatim
494 240 556 275 totum
564 239 662 274 honinem
669 238 804 274 manuducere.

18 300 82 343 Quare
91 307 142 333 nunc
154 295 173 332 in
187 295 225 332 hoc
237 305 289 331 nunc
301 295 321 331 in
333 295 367 331 illo
380 296 441 332 stadio
454 297 525 334 diutius
535 297 645 347 dimoratur,
653 297 682 333 veI
696 296 752 333 etiam
766 307 805 332 reni

17 360 54 406 jani
63 358 119 393 antea
127 355 247 400 explicatam,
256 354 333 390 omissis
342 354 461 400 amhagibus,
471 356 582 392 brevissime
590 355 673 392 coniicit.
682 355 711 391 cf.
719 355 806 398 Gnson,

18 415 152 459 Introduction,
166 425 198 460 pp.
213 414 273 449 12·29.

71 484 90 510 c.
104 472 220 510 Methoduni
233 472 285 508 iilam
298 472 415 518 procedendi
426 487 434 503 «
442 469 533 519 gradibus
542 474 659 520 quibusdam
668 473 745 508 iniirnxo
754 482 805 517 gres-

18 535 47 571 sni
60 534 126 569 nostro
139 531 269 568 accomodatis
278 545 286 560 2>
300 530 339 576 (De
346 531 403 577 Mag.
411 532 449 576 viii,
462 531 492 577 21)
506 532 608 569 Platonicis
621 531 713 574 attribuit3
726 531 757 566 De
766 531 807 567 Civ.

18 593 57 630 Dei
67 591 116 636 VIII,
129 591 153 627 vi.
171 590 288 636 Pnncipium
305 590 411 626 secundum
428 591 481 637 quod
499 601 590 627 ascensus
606 590 702 637 perficitur
716 591 745 625 est
760 589 807 625 hoc:

19 651 69 697 xqui
81 649 153 697 iudicat
165 660 190 686 eo
203 650 228 685 de
240 659 280 695 quo
292 648 364 696 judicat
377 660 419 685 esse
432 650 530 686 meliorem
540 662 555 694 »;
568 650 599 685 De
610 649 651 685 Lib.
663 648 710 684 Arb.
723 649 745 692 II,
754 659 771 691 v,
786 649 808 683 12

20 714 38 748 et
51 710 74 746 al.
90 708 215 748 Ratiocinatio
230 708 272 755 ipsa
287 708 311 745 ad
326 708 365 747 hoc,
377 708 416 745 iere
432 708 536 755 constringi
551 710 623 755 potest:
638 705 726 744 nonnihil
741 717 807 742 verum

20 769 118 811 novimus;
131 778 178 812 ergo
191 768 264 804 exsistit
277 767 340 812 Dens;
353 767 377 804 ci,
389 767 420 803 De
435 768 482 804 Vera
495 767 535 809 Rel.
548 767 615 811 xxxix,
628 767 657 803 73.
