1768 2978
55 95 78 129 22
133 135 134 139 Ἰ
293 95 309 128 7.
324 113 331 119 -
349 101 375 129 DE
388 100 471 128 VlSIONE
484 97 601 128 CORPORALi

56 227 125 256 rerum
146 215 264 256 formantur
285 214 445 261 similitudinem
461 213 505 254 sive
519 224 567 253 cum
583 209 670 260 aliquod
684 219 763 257 corpus
777 218 842 247 sensu

56 281 152 330 corporis
168 281 282 331 tangimus,
299 282 319 320 et
334 281 435 320 continuo
453 279 557 319 tormatur
571 278 616 326 ejus
631 273 749 316 similitudo
764 273 785 312 in
800 272 841 322 spi-

57 347 97 388 ritu
113 347 259 395 memoriaque
277 345 409 392 reconditur3
420 345 464 385 sive
474 356 522 385 cum
534 343 628 384 absentia
638 340 781 390 corporatam
791 340 842 379 nota

53 408 184 461 cogitamus,
201 414 223 451 ut
237 424 262 451 ex
277 412 307 451 eis
322 411 425 467 tormetur
440 410 526 459 quidam
542 407 656 458 spiritualis
671 406 794 455 aspectus...

111 479 166 524 xxiv,
183 479 215 517 51.
231 477 336 524 Quamvis
346 476 366 515 in
378 475 451 516 eadem
463 475 533 515 anima
543 474 595 514 liant
605 473 724 513 visiones...
736 471 842 519 praestan-

58 543 99 583 tior
114 546 145 583 est
159 542 212 583 visio
227 541 341 591 spiritualis
356 552 419 590 quam
435 539 558 590 corporalis,
575 541 595 579 et
610 549 682 578 rursus
703 535 843 586 praestantior

59 606 205 647 intellectualis
220 618 283 655 quam
298 605 420 654 spiritualis.
443 604 568 653 Corporalis
582 603 638 643 enim
654 602 708 642 visio
722 601 768 641 sine
782 599 842 649 spiri·

58 672 108 712 tuali
124 683 228 712 essenon
244 673 323 720 potest:
340 669 514 718 quandoquidem
530 668 640 708 momento
655 667 731 707 eodem
742 676 786 715 quo
797 676 842 723 cor-

59 749 98 786 pus
113 748 176 776 sensu
191 737 288 785 corporis
297 736 397 784 tangitur,
413 735 437 774 tit
451 735 514 786 etiam
530 734 550 773 in
566 733 638 773 animo
648 732 689 772 tale
699 730 787 780 aliquid,
799 741 842 769 non

58 801 117 850 quod
132 801 173 840 hoc
182 801 209 840 sit
219 800 256 840 sed
271 800 329 848 quod
344 799 413 839 simile
423 799 459 846 sit;
476 798 561 847 quodsi
573 809 616 837 non
631 797 699 844 tieret,
715 807 754 851 nec
768 806 843 835 sensus

59 866 93 905 ille
112 867 174 912 esset,
195 876 238 914 quo
253 876 278 904 ea
292 876 346 913 quae
358 857 486 904 extrinsecus
506 863 605 910 adjacent
623 862 748 902 sentiuntur.
767 861 843 909 Neque

59 931 114 969 enim
136 940 214 978 corpus
235 929 305 976 sentit,
321 929 358 969 sed
380 928 450 968 anima
465 939 601 976 percorpus
624 938 668 976 quo
689 926 747 966 velut
767 925 843 965 nuntio

59 995 123 1033 utitur
133 994 159 1033 ad
169 994 305 1033 formandum
321 994 342 1032 in
358 994 428 1041 seipsa
442 992 501 1041 quod
517 992 646 1032 extrinsecus
661 991 776 1030 nuntiatur.
793 990 842 1029 Non

59 1060 129 1106 potest
143 1058 213 1105 itaque
232 1057 278 1096 lieri
298 1057 351 1097 visio
371 1056 495 1104 corporalis,
516 1056 554 1096 nisi
573 1056 635 1095 etiam
651 1054 765 1104 spiritualis
780 1053 842 1094 simul

58 1121 106 1167 tiat;
117 1121 154 1160 sed
165 1132 208 1160 non
219 1120 344 1160 discernitur
354 1121 393 1160 nisi
404 1131 452 1160 cum
463 1120 536 1160 tuerits
551 1131 614 1160 ensus
629 1119 711 1159 ablatus
722 1131 733 1158 a
743 1129 842 1168 corpore,

59 1189 81 1226 ut
96 1186 116 1225 id
132 1186 190 1235 quod
205 1197 243 1235 per
257 1197 335 1235 corpus
345 1185 456 1226 videbatur
470 1186 588 1225 inveniatur
603 1186 623 1224 in
638 1184 699 1233 spirit
716 1215 721 1224 .

106 1305 126 1330 a.
141 1296 194 1332 Haec
206 1288 279 1332 theoria
291 1295 404 1332 sensationis
413 1295 489 1342 propria
503 1297 531 1331 est
544 1294 651 1341 Augustino
665 1296 683 1331 et
696 1294 799 1341 originalis.
809 1294 844 1334 Re-

59 1355 115 1391 currit
134 1355 221 1401 explicite
240 1355 259 1390 in
278 1349 371 1392 De'oea.
384 1354 411 1391 ad
422 1354 458 1391 Lr't.
471 1355 505 1391 th
519 1354 543 1401 (a.
557 1355 575 1391 d.
588 1355 622 1391 415
636 1353 676 1400 cc),
689 1365 725 1390 nec
738 1353 844 1400 quidquam

59 1414 100 1460 ejus
113 1416 198 1450 notatum
212 1414 271 1450 estin
284 1414 461 1455 Retractotioru'bus.
475 1414 512 1451 Sed
526 1414 566 1450 aliis
575 1414 631 1450 etiam
641 1414 687 1450 locis
696 1414 745 1449 clare
754 1413 844 1454 innuitur,

59 1485 76 1509 v.
89 1484 107 1519 g.
120 1473 151 1509 De
164 1474 211 1510 Gau.
225 1474 251 1509 ud
262 1473 298 1510 ΙΙΙ.
312 1474 342 1517 ΙΙΙ,
355 1485 372 1517 ν,
385 1475 405 1516 “Ι;
419 1473 463 1510 ibid.
476 1474 516 1519 Vll,
529 1474 567 1518 xix,
580 1475 612 1510 25:
628 1474 667 1510 alit
679 1484 723 1509 cum
732 1472 844 1525 afflictiones

60 1533 145 1578 corporis
158 1532 238 1569 moleste
251 1533 312 1577 sentit,
325 1533 419 1568 actionem
433 1543 486 1568 suam
500 1543 538 1579 qua
551 1533 576 1569 ilii
589 1533 674 1579 regendo
691 1532 750 1576 adest,
769 1531 844 1568 turbato

60 1590 101 1636 ejus
113 1592 263 1637 temperamento
276 1591 363 1642 impediri
376 1591 484 1637 ottenditur,
497 1593 515 1627 et
528 1591 574 1627 haec
587 1591 669 1627 ottensio
679 1591 735 1628 dolor
743 1593 821 1627 vocatur
830 1605 844 1627 ».

109 1650 129 1686 b.
143 1652 188 1687 Duo
207 1651 268 1696 prima
287 1661 336 1697 quae
355 1651 453 1687 citavimus
473 1653 561 1696 excerpta
574 1662 598 1687 ex
610 1651 641 1687 De
655 1652 702 1688 Gen.
715 1651 742 1688 ad
753 1641 845 1696 Lit'xll,

61 1709 163 1755 respiciunt
175 1709 245 1745 directe
257 1709 351 1745 visionem
364 1720 421 1755 quam
435 1708 457 1745 Α,
466 1712 521 1746 vocat
533 1710 655 1756 spiritualem.
668 1710 711 1746 Tria
720 1709 770 1746 enim
780 1710 845 1746 distin·

62 1768 101 1813 guit
114 1778 184 1814 genera
196 1767 301 1804 visionum:
315 1768 419 1813 corporale,
432 1768 533 1814 spirituale,
542 1768 673 1804 intellectuale.
688 1783 696 1798 «
705 1769 789 1805 Primum
798 1779 845 1815 ergo

62 1827 179 1872 appellemus
196 1827 301 1872 corporale,
314 1826 359 1872 quia
372 1837 487 1872 percorpus
501 1827 607 1873 percipitur,
621 1829 639 1863 et
652 1828 738 1874 corporis
756 1827 845 1865 sensibus

62 1884 166 1921 exhibetur.
180 1885 289 1922 Secundum
302 1886 406 1931 spirituale3
422 1886 516 1932 quidquid
525 1887 576 1923 enim
585 1897 655 1932 corpus
664 1898 703 1923 non
713 1889 746 1932 est,
755 1889 845 1924 ettamen

62 1944 133 1989 aliquid
146 1947 179 1989 est,
192 1945 230 1990 jam
244 1947 293 1981 recte
306 1946 381 1991 spiritus
394 1946 470 1990 dicitur;
484 1948 502 1982 et
515 1947 580 1992 utique
588 1958 627 1983 non
637 1950 665 1983 est
673 1958 749 1993 corpus,
758 1948 846 1994 quamvis

63 2003 137 2047 corpori
157 2003 222 2039 similis
236 2004 264 2047 sit,
278 2004 342 2050 imago
361 2004 443 2040 absentis
462 2005 553 2049 corporis,
566 2016 601 2041 nec
614 2006 645 2041 ille
657 2007 698 2051 ipse
712 2007 789 2043 obtutus
806 2017 845 2052 quo

63 2060 160 2096 cernitur»
174 2060 212 2106 (vii,
227 2060 261 2106 ld).
274 2061 354 2106 Spiritus
367 2062 391 2098 de
404 2073 444 2108 quo
457 2063 487 2099 hic
499 2063 560 2109 agitur
573 2065 601 2100 est
615 2077 623 2093 ‹<
631 2064 658 2099 vis
667 2065 742 2100 animae
750 2065 845 2110 quaedam

63 2122 125 2166 mente
139 2120 220 2165 interior,
234 2121 266 2156 uhi
278 2121 406 2166 corporalium
419 2132 480 2158 rerum
494 2122 626 2159 similitudines
645 2124 792 2169 exprimuntur»
813 2124 846 2170 (ix,
867 2155 869 2157 .

63 2177 99 2222 20).
119 2178 185 2215 «Cum
198 2179 248 2215 enirn
262 2180 334 2225 legitur,
354 2180 435 2226 ‘Diliges
452 2181 561 2227 proximum
574 2183 627 2218 tuum
640 2184 731 2228 tanquam
749 2183 846 2229 teipsum’,

63 2237 184 2282 corporaliter
197 2237 267 2274 litterae
279 2238 371 2283 videntur,
384 2239 504 2284 spiritualiter
517 2241 616 2285 proximus
625 2242 723 2287 cogitatur,
731 2242 846 2279 intellectua-

63 2294 104 2330 liter
116 2295 191 2331 dilectio
204 2296 334 2341 conspicitur»
351 2297 383 2342 (xi,
396 2296 433 2341 22).
446 2298 483 2334 Sed
497 2298 542 2343 quid
556 2299 639 2343 praecise
648 2300 672 2336 sit
679 2300 727 2336 visio
737 2301 846 2346 corporalis,

63 2364 85 2389 ac
97 2354 177 2398 proinde
190 2355 290 2399 quomodo
303 2355 377 2391 ditierat
389 2367 400 2391 a
412 2356 509 2401 spirituali,
522 2368 561 2393 non
575 2359 602 2394 est
615 2359 694 2395 omnino
714 2360 791 2396 clarum.
808 2360 860 2400 Ali»

63 2412 142 2457 quando
154 2412 228 2449 videtur
240 2424 282 2449 esse
295 2414 371 2450 nonnisi
384 2415 443 2460 ipsius
457 2416 523 2461 organi
536 2416 610 2453 allectio
614 2429 619 2461 3
635 2416 665 2462 (ct.
675 2418 747 2462 ΚᾸΙΙΝ,
764 2430 793 2463 op.
810 2420 847 2465 cu,

63 2481 81 2515 p.
94 2471 115 2507 9:
129 2484 137 2500 ‹<
146 2471 191 2507 Non
204 2472 232 2507 est
244 2471 280 2507 nisi
293 2472 359 2517 organi
372 2473 455 2509 alteratio
464 2473 487 2519 »).
500 2473 579 2520 Saepius
588 2475 667 2512 includit
675 2477 763 2513 obtutum
772 2478 847 2516 animae

64 2539 113 2574 quae
126 2530 184 2565 cernit
197 2529 246 2566 hanc
259 2531 394 2574 alterationem,
407 2531 418 2567 i.
432 2542 448 2568 e.
461 2533 569 2569 sensatione
577 2535 679 2571 consciam.
689 2536 726 2573 Sed
735 2537 799 2573 anima
807 2548 846 2574 non

64 2588 126 2632 potest
138 2587 163 2622 ita
175 2587 246 2643 aliquid
259 2588 328 2624 sentire
345 2588 391 2634 quin
407 2589 511 2636 imaginem
524 2591 564 2637 eius
576 2591 611 2628 sibi
625 2593 717 2639 ettormet,
736 2596 790 2640 quod
808 2596 846 2642 jam
