1768 2978
233 61 249 98 6.
263 81 270 87 -
283 69 385 99 ascensus
398 71 478 100 ruinae
491 72 519 100 ao
532 72 591 101 peon
783 66 805 100 15

19 188 131 238 cogitatur,
148 184 208 225 aliter
223 184 290 232 possit
305 195 351 224 esse
367 185 387 224 in
402 188 517 235 conspectu
532 197 572 238 suo
587 187 626 226 nisi
641 186 733 235 seipsam
748 187 806 235 cogi-

19 253 92 295 tando.
110 248 230 307 Quomodo
248 251 327 295 autem,
344 249 431 299 quando
448 261 471 290 se
488 262 531 290 non
549 252 635 300 cogitat,
652 251 675 303 in
690 253 806 300 conspectu

19 331 58 360 suo
73 328 117 357 non
132 316 166 362 sit,
177 326 226 354 cum
241 315 287 354 sine
298 326 320 354 se
331 314 376 363 ipsa
391 326 500 364 nunquam
511 328 557 355 esse
568 317 642 365 possit,
655 317 749 356 invenire
763 328 806 356 non

1 413 3 416 ψ
21 393 134 435 possum...
153 379 246 420 Proinde
261 381 325 419 restat
342 382 364 420 ut
381 379 461 428 aliquid
479 381 586 430 pertinens
603 381 630 421 ad
647 380 693 428 ejus
711 384 807 420 naturam

7 451 46 490 sit
60 448 188 503 conspectus
203 444 256 493 ejus,
268 448 289 485 et
304 446 325 485 in
340 458 395 493 eam,
407 447 494 495 quando
504 459 527 486 se
537 448 624 496 cogitat,
637 459 680 486 non
695 447 755 496 quasi
771 459 809 495 per

20 514 60 555 loci
78 512 170 561 spatium
188 510 226 568 sed
245 512 371 560 incorporea
391 513 531 552 conversione
550 515 673 559 revocetur;
691 524 739 552 cum
757 523 808 552 vero
862 563 864 567 Α

21 591 63 620 non
81 590 103 618 se
120 578 208 626 cogitat,
226 589 270 617 non
287 578 314 617 sit
331 570 418 626 quidem
437 577 457 616 in
475 581 591 626 conspectu
608 590 656 625 suo,
674 590 713 618 nec
731 578 757 617 de
774 577 809 618 illa

21 657 71 687 suns
88 644 193 684 formetur
210 642 305 690 obtutus,
321 644 359 683 sed
376 646 447 683 tamen
465 645 548 684 noverit
564 655 587 684 se
604 647 704 692 tanquam
723 645 768 693 ipsa
783 644 809 683 sit

21 711 60 752 sibi
76 710 181 749 memoria
195 709 236 749 sui.

75 822 95 848 a.
109 812 201 849 Breviter:
214 811 284 848 Anima
294 823 333 848 non
344 814 373 848 est
381 813 427 859 quid
437 813 542 859 corporale.
555 813 630 849 Etenim
639 813 684 858 quia
692 824 713 849 se
722 813 809 857 intuetur,

22 873 74 909 novit
86 874 137 908 certo
151 873 169 907 et
182 871 291 907 immediate
304 871 350 917 quid
364 872 405 918 ipsa
418 872 446 907 sit.
460 872 518 918 Atqui
531 882 570 907 non
584 873 642 908 habet
654 872 710 908 talem
724 872 810 907 notitiam

22 930 103 978 cujusvis
112 930 205 976 corporis,
214 940 249 966 nec
258 932 310 965 certo
323 932 341 965 et
354 930 463 967 immediate
472 931 525 966 novit
538 941 559 966 se
572 942 613 967 esse
623 941 699 975 corpus.
710 931 761 976 Ergo
770 941 809 966 non

22 992 50 1026 est
62 999 142 1035 corpus;
155 988 189 1024 sed
198 989 254 1024 estid
263 990 337 1025 tantum
346 989 399 1035 quod
409 989 458 1024 clarc
467 989 546 1035 percipit
558 1000 579 1025 se
592 1000 639 1033 esse,
652 989 664 1024 i.
677 999 693 1025 e.
706 989 811 1025 substantia

22 1060 71 1095 quae
83 1049 133 1093 vivit,
143 1048 234 1093 meminit,
243 1048 335 1093 intelligit,
346 1049 391 1084 vult.
405 1048 433 1084 Cl.
444 1048 568 1092 Descnnrfis,
577 1049 629 1084 Meri.
644 1049 658 1083 II
673 1050 691 1084 et
702 1050 734 1093 vl,
747 1048 810 1084 Adam

22 1109 40 1144 et
54 1108 113 1143 Tann.
125 1107 166 1152 Vll,
179 1118 212 1153 pp.
225 1108 286 1151 27-28,
300 1106 329 1143 56.

76 1165 97 1202 h.
111 1167 141 1203 Ad
156 1166 240 1202 animam
254 1166 331 1202 infantis
346 1167 400 1212 qnod
416 1169 493 1212 spectat,
509 1166 532 1203 ci.
545 1166 575 1202 De
590 1167 640 1202 Trin.
653 1167 702 1211 XIV,
715 1178 732 1210 v,
745 1168 765 1210 7;
780 1166 811 1202 De

24 1227 63 1263 Cin.
76 1225 115 1262 Dei
126 1226 185 1270 XXII,
199 1225 236 1271 xiv,
249 1228 260 1262 3
273 1226 312 1261 Init¹

111 1388 113 1392 '
171 1392 195 1435 6.
211 1415 218 1423 -
235 1391 372 1436 Ascensus
389 1391 497 1436 animae
514 1391 549 1436 ad
568 1391 660 1436 Deum.

78 1511 142 1562 Cous.
158 1512 204 1560 VII,
220 1514 269 1560 xvii,
281 1514 324 1560 231,
338 1513 450 1560 Quaerens
465 1514 521 1553 enIm
537 1513 594 1552 unde
609 1512 750 1561 approbarem
766 1511 810 1561 pul-

24 1577 165 1618 clintudinem
183 1589 299 1626 corporum
312 1570 358 1618 ¹slve
373 1578 495 1618 caelestium
511 1579 555 1617 sive
572 1578 709 1624 terrestrium,
725 1581 745 1616 et
760 1578 811 1625 quid

25 1642 75 1681 mihi
87 1646 171 1691 praesto
182 1646 238 1683 esset
248 1645 329 1692 integre
340 1644 366 1683 de
377 1643 515 1683 mutabilibus
525 1642 625 1690 judicanti
637 1645 657 1682 et
670 1642 757 1682 dicenti:
770 1642 811 1682 hoc

25 1707 52 1746 ita
67 1719 112 1747 esse
128 1708 199 1755 debet,
211 1708 262 1748 illud
273 1720 317 1748 non
328 1709 366 1756 ita;
382 1708 424 1748 hoc
434 1720 486 1757 ergo
497 1720 601 1757 quaerens
611 1707 672 1747 unde
686 1707 810 1755 judIcarem,

25 1782 72 1809 cum
89 1772 116 1811 ita
130 1772 255 1820 judicarem,
268 1773 389 1812 inveneram
401 1771 597 1812 incommutabilem
609 1775 629 1811 et
639 1783 710 1811 veram
720 1771 813 1811 veritatis

25 1837 169 1877 aeternitatem
180 1849 244 1886 supra
255 1840 348 1877 mentem
359 1850 428 1877 meam
440 1837 624 1877 commutabilem.
639 1836 709 1884 mque
725 1837 752 1875 ita
767 1848 812 1884 gra-

26 1899 90 1939 datim
106 1913 117 1941 a
130 1902 257 1951 corporibus
268 1903 294 1942 ad
305 1904 430 1943 sentientem
442 1913 568 1951 percorpus
578 1903 679 1948 animam,
691 1905 754 1950 atque
764 1901 813 1941 inde

26 1964 51 2003 ad
67 1964 112 2012 ejus
127 1967 249 2007 interiorem
265 1968 316 2014 vim,
328 1969 361 2007 cui
377 1979 452 2007 sensus
466 1968 563 2015 corporis
578 1967 687 2006 exterioris
700 1967 812 2013 nuntiaret,

26 2031 46 2068 et
60 2041 173 2080 quousque
188 2035 278 2080 possunt
293 2032 385 2079 bestIae3
401 2034 464 2080 atque
475 2031 524 2071 inde
535 2030 606 2071 rursus
617 2031 643 2070 ad
654 2032 814 2071 ratiocinantem

27 2096 151 2144 potentiam,
162 2097 189 2136 ad
200 2109 264 2145 quarn
276 2097 366 2137 retertur
375 2097 513 2144 judicandum
525 2097 584 2145 quod
595 2097 685 2136 sumItur
695 2109 707 2136 a
717 2095 815 2136 sensibus

26 2160 130 2207 corporis.
146 2153 208 2208 Quae
223 2173 246 2202 se
261 2173 348 2211 quoque
364 2162 384 2201 in
400 2173 434 2201 me
449 2162 584 2210 comperiens
602 2160 734 2208 mutabilem,
750 2162 816 2201 erexit

26 2234 48 2262 se
63 2225 90 2264 ad
105 2226 266 2275 intelligentiam
284 2239 353 2276 suam,
369 2230 390 2267 et
404 2226 492 2266 abduxit
508 2223 661 2275 cogitationem
677 2238 688 2265 a
703 2229 815 2266 consuetu-

27 2287 83 2336 dine,
99 2291 226 2340 subtrahens
240 2305 263 2332 se
278 2304 289 2331 a
304 2291 499 2332 contradicentibus
513 2291 581 2331 tribus
596 2291 776 2341 phantasmatum,
793 2294 816 2331 ut

27 2352 130 2396 invenIret
149 2369 193 2405 quo
212 2357 293 2397 lumine
312 2359 467 2406 aspergeretur,
488 2368 537 2396 cum
557 2357 602 2396 sine
622 2356 664 2395 ulla
684 2356 816 2396 dubitatione

27 2417 127 2461 clamaret
142 2421 492 2474 incommutabilepraeterendum
504 2433 550 2461 esse
561 2421 665 2467 mutabili,
677 2422 733 2460 unde
744 2425 816 2461 nosset

28 2482 97 2531 ipsum
111 2486 294 2535 incommutabile,
307 2488 416 2537 quodnisi
427 2487 499 2537 aliquo
511 2486 577 2526 modo
588 2489 667 2532 nosset,
679 2487 738 2526 nullo
750 2486 816 2526 modo

28 2547 79 2590 illud
94 2553 190 2593 mutabili
206 2556 264 2594 certo
280 2555 433 2603 praeponeret;
452 2556 472 2593 et
487 2552 582 2602 pervenit
597 2551 660 2592 adid
675 2552 734 2600 quod
749 2555 780 2591 est
795 2552 815 2593 in
