1768 2978
307 81 324 116 4.
337 101 345 107 -
358 89 461 119 nonnmu
474 67 533 122 selo
549 85 551 88 ⁴

276 295 300 340 4.
316 320 323 328 -
341 264 467 342 Nonnihil
487 298 554 344 scio.

75 427 89 466 i.
104 424 203 466 Falsum
225 427 263 466 est
285 425 345 467 nihil
366 439 440 478 posse
455 430 555 481 percipi.
570 455 577 461 -
593 433 673 474 Contra
687 434 756 474 Acad.
773 435 808 481 ΠΙ,

21 510 40 543 x.
56 496 92 535 22:
109 493 159 534 Duo
174 496 223 534 sunt
237 506 292 544 quae
307 494 333 535 ab
348 494 481 537 Academicis
503 497 609 545 dicuntur.
625 501 699 538 contra
718 511 773 547 quae
788 501 810 539 ul

21 561 116 602 valemus
133 560 205 600 venire
222 561 362 601 instituimus:
382 558 455 602 ‘Nihil
473 558 536 611 posse
547 564 626 612 percipi
637 563 651 611 ¹,
663 566 684 604 et
697 561 769 603 ‘Nulli
781 564 809 603 rei

21 625 100 666 debere
114 625 210 665 assentiri
221 624 235 665 ¹.
859 629 861 631 ·

74 691 108 748 23.
124 689 182 730 Nihil
197 691 228 730 ais
243 691 264 730 in
280 690 416 741 philosophia
436 704 499 741 posse
516 694 634 742 percipi...
657 695 738 734 Tamen
760 706 810 743 ego,

21 756 56 805 qui
72 754 137 804 longe
156 754 227 795 adhuc
245 755 321 796 absum
336 756 369 796 vel
384 768 395 796 a
410 757 516 797 vicinitate
535 759 643 806 sapientis,
660 759 680 798 in
696 759 740 798 istis
761 758 811 807 phy-

21 820 70 861 sicis
84 818 181 859 nonnihil
196 819 249 860 scio.
266 819 353 860 Certum
369 821 426 860 enim
441 820 511 862 habeo
522 824 557 861 aut
568 834 633 862 unum
645 834 691 862 esse
701 822 810 869 <mundum
831 817 833 820 ’

22 887 57 925 aut
78 877 121 924 non
143 895 222 931 unum;
238 886 259 924 et
273 885 290 924 si
305 896 348 924 non
364 897 438 932 unum,
454 888 490 925 aut
503 886 557 933 tiniti
578 888 660 927 numeri
676 890 711 927 aut
726 887 810 927 infiniti.

22 951 85 990 lstam
106 949 232 989 sententiam
248 948 371 990 Carneades
391 950 456 990 falsae
476 963 522 991 esse
543 952 634 992 similem
657 952 740 992 doceat.
759 952 810 991 ltem

21 1015 66 1055 scio
81 1013 185 1054 mundum
208 1014 271 1054 istum
293 1017 389 1055 nostrum
405 1018 440 1055 aut
462 1018 535 1056 natura
557 1028 672 1066 corporum
692 1019 727 1057 aut
742 1017 812 1065 aliqua

22 1079 155 1130 providentia
176 1092 223 1120 esse
244 1080 412 1129 dispositum...
436 1082 460 1121 Et
480 1082 749 1132 innumerabiliaphysica
771 1082 812 1122 hoc

22 1145 89 1186 modo
99 1146 157 1185 novi.
169 1145 224 1185 Vera
238 1145 295 1185 enim
307 1140 345 1186 ista
355 1149 404 1187 sunt
414 1145 526 1194 disjuncta,
540 1158 579 1187 nec
593 1148 731 1188 similitudine
742 1148 811 1197 aliqua

22 1210 67 1250 talsi
83 1223 107 1250 ea
123 1212 193 1259 potest
207 1211 321 1260 quisquam
336 1211 475 1252 contundere.

75 1276 103 1323 xi,
119 1277 152 1316 24.
169 1276 240 1323 Unde.
262 1277 337 1326 inquit,
358 1278 399 1317 scis
419 1289 465 1318 esse
487 1278 549 1318 istum
572 1278 684 1324 mundum,
700 1278 717 1317 si
737 1290 811 1319 sensus

22 1342 139 1382 falluntur?
154 1343 269 1392 Nunquam
286 1344 378 1383 rationes
393 1346 474 1384 vestrae
489 1344 517 1384 ita
531 1344 574 1383 vim
595 1355 696 1383 sensuum
712 1344 811 1392 refellere

23 1410 145 1456 potuerunt,
161 1410 184 1448 ut
198 1409 353 1449 convinceretis
368 1408 430 1449 nobis
445 1408 497 1449 nihil
512 1409 590 1456 videri;
606 1421 645 1449 nec
660 1409 748 1449 omnino
766 1410 810 1449 ausi

22 1474 72 1514 estis
82 1473 202 1523 aliquando
218 1474 257 1514 ista
271 1477 363 1522 tentare;
380 1474 417 1515 sed
433 1486 496 1524 posse
511 1474 567 1515 aliud
580 1486 627 1514 esse
641 1486 665 1514 ac
680 1474 763 1528 videtur
777 1487 820 1529 vey
878 1484 880 1486 ’

23 1537 133 1578 hementer
148 1538 276 1588 persuadere
296 1538 429 1579 incubuistis.
446 1539 492 1588 ligo
508 1540 577 1588 itaque
592 1538 634 1579 hoc
648 1541 724 1581 totum.
740 1538 811 1587 quale·

22 1614 115 1652 cumque
130 1606 201 1644 est...
217 1604 276 1653 quod
286 1604 359 1644 oculis
374 1605 427 1644 meis
446 1607 540 1654 apparet.
552 1636 572 1644 .,
588 1604 691 1643 mundum
712 1616 773 1644 voco.
790 1603 810 1643 Si

23 1667 75 1709 dicis
90 1668 142 1709 nihil
157 1669 209 1709 mihi
225 1668 299 1722 videri,
316 1681 425 1719 nunquam
445 1669 559 1710 errabo...
576 1669 596 1709 Si
611 1672 681 1709 autem
697 1669 738 1709 hoc
753 1668 811 1718 quod

23 1732 74 1772 mihi
89 1733 173 1774 videtur
188 1745 253 1783 negas
269 1733 372 1774 mundum
389 1746 442 1781 esse.
458 1734 485 1774 de
500 1734 587 1774 nomine
602 1734 767 1774 controversiam
782 1733 803 1773 ia

23 1797 60 1844 cis,
76 1809 125 1838 cum
141 1798 162 1847 id
177 1810 189 1838 a
204 1810 239 1838 me
253 1798 342 1839 dixerim
358 1799 462 1838 mundum
478 1799 557 1838 vocari.
799 1796 801 1799 ’

75 1864 109 1903 25.
125 1863 274 1911 Quamobrem
290 1863 331 1904 hoc
346 1863 406 1904 dico:
423 1865 483 1904 istam
501 1866 572 1904 totam
594 1876 709 1913 corporum
732 1863 811 1903 molem

23 1930 85 1978 atque
107 1929 228 1970 machinam
244 1930 322 1979 inqua
341 1942 423 1978 sumus,
443 1931 487 1970 sive
498 1930 637 1986 *dormientes
656 1930 701 1969 sive
720 1929 813 1969 furentes

23 1994 66 2034 sive
81 1995 193 2044 vigilantes
208 1996 252 2035 sive
266 1996 320 2043 sani,
336 1998 372 2035 aut
386 2007 450 2044 unam
473 2008 519 2046 esse
534 1998 569 2035 aut
584 2007 627 2035 non
647 2007 693 2035 esse
708 2007 780 2035 unam.
792 2026 812 2035 ..

23 2057 43 2097 Si
59 2062 129 2100 autem
145 2072 200 2100 unus
215 2062 235 2100 et
249 2072 287 2100 sex
296 2060 370 2100 mundi
381 2062 437 2106 sunt,
449 2063 530 2109 septem
546 2061 639 2100 mundos
655 2072 708 2107 esse.
725 2071 813 2109 quoquo

24 2124 90 2164 modo
105 2125 194 2165 affectus
208 2136 264 2171 sum,
281 2124 416 2165 manifestum
432 2127 470 2171 est,
487 2127 507 2165 et
522 2124 543 2164 id
558 2131 593 2164 me
607 2125 661 2164 scire
683 2136 725 2164 non
745 2125 814 2173 impu-

24 2186 99 2229 denter.
112 2189 205 2230 affirmo.
221 2189 294 2236 Quare
309 2189 341 2229 vel
361 2180 416 2229 hanc
431 2190 594 2236 connexionem,
611 2189 643 2229 vel
659 2189 704 2229 illas
718 2190 814 2238 superio-

24 2262 57 2291 res
71 2253 233 2302 disjunctiones,
249 2249 403 2294 doce'somno
418 2256 454 2293 aut
467 2254 539 2293 turore
554 2256 590 2293 aut
604 2255 695 2294 vanitate
712 2266 813 2294 sensuum

24 2327 87 2363 posse
102 2330 148 2358 esse
163 2318 239 2366 ialsas;
250 2321 271 2358 et
282 2330 323 2366 me,
335 2319 351 2358 si
363 2318 523 2368 expergefaetus
538 2319 577 2358 ista
592 2319 718 2365 meminero,
735 2319 813 2358 victum

24 2392 70 2422 esse
84 2383 210 2423 concedam.
222 2383 295 2424 Credo
310 2384 366 2424 enim
381 2384 423 2432 jam
434 2384 485 2423 satis
499 2383 580 2432 liquere
593 2395 647 2432 quae
658 2395 696 2432 per
705 2384 813 2423 somnium

24 2448 44 2485 el
58 2446 188 2489 dementiam
203 2448 256 2489 falsa
272 2449 391 2496 videantur,
402 2461 427 2488 ea
441 2448 521 2488 scilicet
531 2460 585 2497 quae
596 2448 622 2488 ad
633 2449 730 2497 corporis
739 2460 814 2488 sensus

25 2512 137 2558 pertinent.
160 2514 216 2553 Nam
230 2516 262 2554 ter
276 2516 335 2554 terna
350 2525 428 2553 novem
448 2525 494 2553 esse
509 2515 530 2553 et
544 2513 671 2561 quadratum
694 2512 814 2561 intelligibi-

25 2574 76 2616 lium
85 2589 233 2627 numerorum,
240 2591 327 2619 necesse
333 2581 364 2619 est
369 2578 402 2618 vel
408 2589 486 2627 genere
494 2577 589 2617 humano
594 2579 694 2617 stertente
699 2577 726 2617 sit
731 2589 813 2617 verum.
