1768 2978
240 58 270 93 22.
279 76 286 84 ·
297 64 324 93 DE
337 64 467 94 lONORhNTlll
480 65 505 94 ET
517 65 598 96 ERRORE
789 60 809 95 71
832 92 834 95 .

75 173 96 211 b.
109 175 129 213 Si
142 177 246 221 conceptus
259 175 362 227 empiricos
374 187 418 213 vere
430 176 546 213 universales
559 177 645 222 admittit,
656 178 722 215 nullibi
731 179 812 225 explicat

26 236 128 282 quomodo
141 234 271 287 efformentur.
284 236 314 272 De
326 236 452 272 abstractione
467 236 526 273 altum
540 237 641 274 silentium.
660 237 744 284 Eiusque
763 239 811 276 dicta

26 306 84 342 saepe
97 294 176 341 perinde
189 297 293 345 sonant‘ac
305 295 321 331 si
334 306 389 332 mens
401 296 493 333 iudicaret
507 297 531 333 de
550 297 678 343 sensibilibus,
696 298 810 345 applicando

26 354 136 391 immediate
148 354 234 400 ipsorum
247 354 363 400 imaginibus
376 365 408 391 eas
420 366 497 392 nonnas
512 358 530 392 et
549 356 630 407 rationes
649 367 697 403 quas
716 357 774 393 cernit
791 358 811 393 in

26 413 98 460 lumine
111 413 229 459 intelligibili.
243 414 299 456 Quae
313 414 418 459 difficultas
427 414 451 451 de
466 415 576 461 cognitione
593 416 713 453 intellectuali
732 405 812 453 sensibi-

26 473 79 517 lium,
92 472 146 508 omni
160 472 278 509 Platonismo
290 472 380 518 ingenita,
393 484 437 509 cum
450 473 479 510 his
492 474 533 510 aliis
545 475 611 511 intime
625 475 751 512 connectitur:
765 475 811 511 dan-

26 534 81 569 turne
89 532 144 569 ideae
157 530 275 579 singularum
288 532 364 569 rerum?
377 534 484 579 quomodo,
497 534 513 570 si
526 545 555 570 res
571 536 615 571 sunt
629 535 647 571 in
667 526 758 580 quantum
777 535 811 571 nu-'

27 596 91 635 meros
104 590 151 637 (sive
163 590 224 637 ideas)
237 592 354 638 participant,
367 593 465 629 materiam
478 594 548 630 hahere
565 594 644 639 possint,
662 605 712 640 quae
730 605 769 630 non
788 596 812 631 sit

26 662 123 701 numerus,
136 653 155 688 et
166 653 231 688 tamen
243 663 283 688 non
296 652 320 688 sit
332 652 391 688 nihil?
405 653 506 699 quomodo
518 653 565 689 tales
580 664 610 690 res
624 654 715 700 cognosci
731 656 811 699 possunt

26 713 125 757 tamquam
138 711 257 747 materiales?

75 779 95 806 c.
108 770 174 808 Kirru
188 770 228 817 (pp.
241 769 309 816 nrt-oo),
323 771 402 808 Girsou
415 770 455 818 (pp.
469 773 503 808 113
513 774 531 808 et
543 770 599 818 sqq),
612 772 692 809 hiessen
706 772 737 818 (Α.
751 772 810 808 sMe-

27 829 78 875 tuph.
91 829 126 866 der
139 830 189 874 Erk,
203 841 222 876 p.
241 829 272 875 52)
291 833 367 876 negant,
386 830 485 877 supposita
502 831 627 877 psychologia
646 830 752 877 Augustini,
771 831 811 867 dari

27 900 85 936 posse
97 890 245 926 abstractionem
258 890 335 936 proprie
348 891 423 935 dictam,
438 901 483 926 cum
497 891 561 936 imago
580 890 674 927 sensibilis
690 890 811 936 producatur,

27 960 67 985 non
79 960 91 985 a
103 960 123 985 re
136 951 188 985 extra
201 949 219 985 in
232 949 322 994 animam,
335 950 369 986 sed
382 950 406 986 ab
419 950 482 986 anima
494 950 514 985 in
527 950 595 996 seipsa,
607 950 633 986 ita
645 949 715 986 utiam
728 950 752 985 sit
764 950 812 986 acci-

9 1018 11 1022 ·
27 1009 75 1044 dens
88 1008 163 1044 animae
176 1008 277 1054 rationalis,
290 1009 309 1045 in
323 1009 390 1045 ordine
405 1009 487 1045 mentali.
502 1009 537 1046 Vel
556 1009 593 1045 alio
612 1009 678 1053 modo,
697 1009 741 1054 quia
759 1009 812 1045 deest

27 1068 141 1114 phantasma
153 1067 300 1113 Aristotelicum,
314 1069 428 1114 productum
441 1080 452 1104 a
465 1079 545 1114 corpore
558 1069 577 1104 in
590 1079 684 1114 organum
697 1068 760 1104 anima
770 1079 812 1104 sen-

27 1127 81 1164 sitiva
93 1128 204 1173 animatum,
217 1128 270 1174 quod
284 1128 402 1174 phantasma,
415 1138 459 1164 cum
473 1138 502 1164 res
515 1129 592 1164 externa
604 1128 687 1164 animam
700 1138 764 1164 revera
772 1127 812 1163 affi-

27 1187 68 1232 ciat,
77 1188 140 1233 potest
148 1198 272 1224 communem
286 1187 386 1224 essentiam
395 1188 497 1223 virtualiter
508 1187 606 1237 continere
616 1189 635 1223 et
645 1187 746 1223 intellectui
759 1197 811 1232 prae·

27 1257 105 1293 ponere.
112 1246 184 1283 Contra
190 1258 249 1293 quarn
255 1247 429 1293 interpretationem
440 1244 582 1292 argumentatur
590 1246 666 1291 BovER,
672 1246 744 1291 Essar's,
751 1246 780 1282 ch.
787 1246 811 1282 vi.

152 1403 154 1406 ·
216 1384 254 1424 22.
268 1405 275 1413 -
290 1382 327 1423 De
341 1383 486 1436 ignorantia
502 1384 526 1423 et
542 1393 626 1423 errore

81 1503 96 1542 i.
112 1501 148 1543 De
163 1502 312 1554 ignorantia.
327 1527 334 1534 -
349 1506 415 1545 Enar.
431 1505 453 1544 in
470 1505 507 1545 Ps.
525 1505 593 1559 xxxix,
615 1505 651 1543 21:
674 1503 711 1543 Est
731 1502 811 1551 aliquid

28 1571 87 1620 quod
101 1570 222 1610 videamus:
238 1570 291 1619 quid
306 1570 382 1619 premit
397 1572 477 1609 utnon
492 1569 616 1609 videamus?
636 1568 714 1616 Nonne
735 1567 811 1616 iniqui·

27 1637 72 1676 tas?
87 1635 181 1676 Oculum
196 1638 264 1683 tuum,
283 1647 310 1676 ne
331 1636 396 1675 istam·
415 1635 484 1675 lucem
505 1633 577 1674 videre
598 1645 679 1683 posses,
702 1631 811 1681 premebat

27 1701 123 1742 fortassis
137 1701 216 1741 humor
228 1701 317 1747 irruens,
328 1699 438 1751 premebat
447 1699 543 1740 fortassis
552 1698 631 1745 fumus,
643 1698 719 1747 pulvis,
731 1696 810 1746 aliquid

28 1767 140 1813 iniectum;
155 1769 176 1806 et
190 1766 260 1806 levare
274 1765 360 1806 oculum
371 1765 466 1805 saucium
477 1776 520 1804 non
531 1766 615 1813 poteras
625 1762 651 1803 ad
662 1763 722 1803 istam
732 1761 810 1802 lucem.

27 1832 86 1879 Quid
101 1844 161 1880 ergo,
177 1843 215 1872 cor
228 1832 324 1871 saucium
339 1830 419 1871 levabis
434 1830 460 1870 ad
475 1829 559 1869 Deum?
573 1830 651 1869 Nonne
665 1829 723 1877 prius
737 1839 810 1867 sanan-

28 1898 79 1937 dum
94 1900 126 1937 est
140 1899 163 1937 ut
177 1896 263 1937 videas?
277 1896 355 1936 Nonne
370 1895 475 1944 superbus
490 1895 589 1934 inveniris
603 1905 651 1933 cum
667 1893 729 1933 dicis:
741 1893 811 1941 primo

27 1963 120 2013 videam,
136 1965 156 2002 et
170 1962 201 2002 sic
215 1961 314 2002 credam?
331 1960 386 2007 Quis
408 1952 547 2006 dicit?'Quis
568 1958 624 1999 enim
646 1958 728 1997 visurus
750 1956 810 1996 dicit:

27 2028 120 2076 videam,
136 2030 156 2068 et
170 2028 201 2068 sic
215 2026 315 2067 credam?
330 2027 407 2066 Lucem
422 2028 546 2065 ostensurus
556 2035 615 2069 sum:
629 2024 695 2063 immo
705 2034 756 2062 vero
766 2022 811 2070 ipsa

27 2105 50 2134 se
64 2093 100 2133 lux
114 2092 227 2133 ostendere
242 2092 293 2132 vult.
309 2090 365 2131 Cui?
379 2090 451 2131 Caeco
465 2101 509 2129 non
524 2090 604 2138 potest:
619 2099 663 2127 non
673 2087 737 2127 videt.
748 2086 812 2127 Unde

26 2170 71 2199 non
85 2159 156 2199 videt?
170 2157 266 2198 Gravato
280 2156 344 2197 oculo
360 2156 431 2196 multis
446 2155 546 2204 peccatis.

73 2224 106 2269 ,In
120 2223 180 2263 loun.
189 2216 262 2262 Euan.
279 2222 294 2269 l,
313 2223 346 2261 19:
363 2221 427 2269 Ergo,
439 2220 520 2265 fratres,
531 2217 643 2267 quomodo
653 2217 720 2257 homo
730 2217 812 2264 positus

27 2288 109 2330 in'sole
123 2299 207 2334 caecus,
223 2298 323 2336 praesens
338 2288 369 2326 est
384 2285 413 2325 illi
428 2284 468 2331 sol,
484 2283 521 2323 sed
544 2283 589 2332 ipse
610 2282 649 2322 soli
672 2281 748 2321 absens
769 2283 811 2325 est;

27 2353 58 2394 sic
72 2353 143 2393 omnis
157 2352 241 2399 stultus,
257 2351 328 2391 omnis
339 2351 431 2399 iniquus,
443 2349 513 2388 omnis
524 2338 602 2396 impius
612 2357 687 2386 caecus
697 2347 729 2385 est
738 2344 810 2384 corde.

28 2419 131 2459 Praesens
145 2420 176 2458 est
190 2417 302 2467 sapientia,
318 2415 356 2456 sed
371 2427 419 2455 cum
434 2425 498 2455 caeco
513 2424 613 2462 praesens
628 2413 667 2459 est,
683 2410 750 2451 oculis
767 2408 812 2456 ejus

27 2483 106 2525 absens
121 2486 163 2524 est:
180 2494 224 2523 non
238 2482 289 2532 quia
304 2482 349 2531 ipsa
367 2480 396 2520 illi
414 2479 491 2520 absens
506 2481 544 2524 est,
560 2477 597 2517 sed
612 2477 661 2525 quia
675 2477 720 2525 ipse
735 2475 761 2514 ab
778 2474 813 2513 illa

27 2549 105 2591 absens
112 2552 151 2590 est.
163 2548 222 2597 Quid
232 2560 285 2597 ergo
295 2547 358 2588 faciet
368 2547 421 2587 iste?
430 2544 520 2585 Mundet
530 2542 586 2583 unde
596 2542 664 2592 possit
671 2540 736 2581 videri
745 2540 811 2580 Deus.
