1768 2978
218 55 247 90 22.
260 61 269 81 ·v
280 61 308 90 oe
321 61 451 93 rouounurm
464 63 489 92 ετ
501 63 581 106 araone
767 59 790 95 73

54 171 75 208 b.
88 172 119 209 De
133 172 184 209 Triu.
197 173 220 218 Χ,
232 184 250 218 ν,
262 174 280 217 7,
293 173 394 219 quomodo
413 174 477 210 anima
495 176 557 220 potest
575 175 675 222 seipsam
693 173 790 222 ignorare:

6 232 72 268 aversa
84 242 96 268 a
108 231 152 268 Deo
165 231 189 268 ad
202 234 303 277 creaturas,
318 246 325 262 «
334 234 421 269 movetur
429 234 448 270 et
456 233 524 270 labitur
532 234 552 270 in
561 234 624 271 minus
633 237 651 272 et
660 235 728 281 miuus,
737 236 790 282 quod

6 293 59 338 putat
71 291 154 337 amplius
167 293 186 328 et
197 292 289 338 amplius,
303 292 348 338 quia
360 303 396 328 nec
408 293 450 338 ipsa
464 293 506 338 sibi,
520 304 556 330 nec
570 294 588 331 ei
603 294 708 340 quidquam
722 295 791 332 suflicit
837 289 838 292 '

6 351 102 387 recedenti
114 351 139 387 ab
152 351 184 387 illo
193 351 227 400 qui
235 351 289 387 solus
297 351 376 388 suiticit:
389 351 472 398 ideoque
481 363 515 398 per
523 354 626 399 egestatem
635 355 653 390 et
661 353 790 391 difficultatem

5 411 28 447 tit
35 411 92 447 nimis
100 411 173 447 intenta
180 411 200 447 iu
213 411 298 447 actiones
310 421 355 448 suas
368 413 387 447 et
398 411 492 457 inquietas
505 413 640 449 delectationes
653 424 700 459 quas
713 424 747 459 per
759 425 790 450 eas

6 470 88 516 colligit,
103 471 160 516 atque
174 470 200 506 ita
214 470 317 517 cupiditate
331 470 442 517 acquirendi
457 471 533 508 notitias
545 482 569 508 ex
582 472 605 519 iis
620 483 670 518 quae
683 472 729 509 toris
741 475 790 517 sunt,
861 460 864 464 “

7 540 91 576 quorum
104 530 203 575 cognitum
215 540 277 576 genus
290 531 341 567 amat
353 532 371 566 et
383 530 439 567 sentit
452 532 511 567 amitti
523 542 587 578 posse,
599 532 735 578 nisiimpensa
746 543 791 568 eura

6 591 98 634 teneatur,
115 589 177 634 perdit
193 589 319 634 securitatem,
336 591 427 636 tantoque
446 590 528 636 seipsam
548 590 611 628 minus
629 591 704 637 cogitat,
719 593 791 637 quanto

7 649 69 694 magis
81 659 148 685 secura
161 650 189 684 est
201 649 255 694 quod
267 659 288 684 se
300 659 340 685 nou
351 649 412 694 possit
424 650 514 686 amittere.
528 651 554 686 lta
567 660 610 686 curn
623 650 674 686 aliud
687 651 710 686 sit
723 661 762 687 non
770 661 791 686 se

7 718 72 753 nosse,
81 708 132 744 aliud
141 718 181 744 nou
190 719 211 745 se
219 708 321 754 cogitare...
329 710 381 745 tauta
391 708 419 745 vis
432 711 462 746 est
472 710 548 754 amoris,
557 711 577 745 ut
586 720 665 756 eaquae
674 720 718 759 cum
726 720 791 745 amore

8 767 41 803 diu
58 767 173 813 cogitaverit,
191 768 257 813 eisque
273 778 330 803 curae
346 768 420 813 glutino
437 768 543 814 inhaeserit,
560 769 638 805 attrahat
654 779 719 805 secum
736 768 790 804 ettam

8 837 52 863 curu
65 827 89 863 ad
102 837 123 863 se
136 827 258 873 cogitandam
271 827 357 872 quodam
370 828 431 873 modo
444 827 512 863 redit».

44 879 75 921 ¹c.
89 886 135 923 Viae
148 896 198 932 quae
210 886 235 922 ad
247 885 344 922 veritatem
359 886 432 922 ducunt
446 888 491 922 sunt
504 886 581 932 «prima
593 886 694 930 humilitas,
707 884 792 922 secunda

8 945 111 992 humilitas,
123 945 178 981 tertia
190 945 310 989 humilitas»,
322 945 374 991 Epis.
388 944 465 982 CXVlll
479 945 511 991 (ad
524 944 603 990 Diosc.),
616 946 644 981 22.

63 1039 88 1080 ii.
104 1038 171 1088 Quid
181 1039 279 1080 intersit
288 1040 354 1079 inter
362 1038 463 1080 credere
473 1041 497 1080 et
507 1039 611 1092 opinari.
620 1060 628 1069 ·
637 1043 672 1083 De
680 1042 793 1082 Mendacio

10 1109 40 1156 iii,
56 1109 79 1148 3:
96 1108 152 1148 Inter
165 1107 253 1148 credere
267 1110 337 1148 autem
353 1110 417 1157 atque
432 1108 514 1156 opinari
534 1107 575 1148 hoc
594 1108 664 1154 distat,
682 1107 740 1156 quod
757 1107 793 1147 ali·
817 1131 819 1134 -

10 1174 98 1223 quando
113 1174 148 1214 ille
162 1175 198 1223 qui
213 1173 285 1214 credit
294 1175 357 1214 sentit
371 1185 394 1213 se
409 1174 507 1222 ignorare
521 1173 580 1222 quod
593 1166 678 1220 credit,
697 1173 794 1221 quamvis

10 1239 37 1280 de
52 1252 74 1279 re
89 1251 152 1289 quam
168 1239 305 1290 seignorare
319 1240 379 1279 novit
393 1239 481 1278 omuino
496 1250 539 1278 uon
554 1237 643 1284 dubitet,
661 1239 677 1278 si
695 1250 742 1277 eam
759 1237 793 1277 tir·

10 1305 106 1345 missime
120 1304 197 1352 eredit;
213 1305 249 1353 qui
264 1306 335 1344 autem
350 1303 456 1353 opinatur,
469 1305 527 1352 putat
537 1315 559 1343 se
569 1303 622 1343 scire
633 1302 691 1351 quod
701 1303 792 1343 nescit...

10 1371 57 1410 Nec
72 1369 121 1410 ideo
135 1372 207 1410 tamen
221 1370 267 1409 sine
282 1370 333 1409 uitio
348 1370 387 1416 est,
403 1369 499 1418 quamvis
514 1379 557 1408 non
579 1368 698 1414 mentiatur,
720 1368 737 1407 si
758 1369 794 1407 aut

11 1447 55 1475 uon
70 1434 178 1475 credendo
193 1434 267 1481 credit,
283 1437 319 1475 aut
333 1434 392 1483 quod
407 1435 491 1482 ignorat
505 1444 568 1473 nosse
584 1445 607 1473 se
624 1435 689 1481 putat,
712 1432 793 1472 etiamsi

11 1512 84 1541 verum
100 1501 138 1541 sit:
154 1500 287 1549 incognitum
302 1500 359 1539 enim
376 1498 440 1539 habet
457 1510 496 1548 pro
512 1498 607 1546 cognito.

65 1566 100 1606 De
116 1565 169 1606 Util.
187 1559 292 1606 eradenda·
307 1557 336 1612 xi,
357 1565 395 1604 25:
418 1564 466 1603 Tria
487 1566 536 1603 sunt
557 1564 606 1603 item
628 1562 685 1602 velut
705 1561 794 1601 finitima

11 1631 98 1672 sibimet
113 1631 133 1671 in
148 1631 225 1671 animis
240 1630 351 1670 hominum
368 1629 503 1669 distinctione
517 1628 651 1676 dignissima:
670 1626 793 1675 intelligere,

12 1696 214 1744 credereopinari.
230 1694 292 1742 Quae
309 1696 326 1735 si
344 1706 382 1743 per
402 1705 425 1734 se
447 1694 492 1743 ipsa
513 1688 680 1739 considerentur,
703 1691 794 1740 primum

12 1772 98 1810 semper
112 1761 158 1800 sine
172 1760 282 1811 vitio-est3
298 1758 415 1799 secundum
431 1757 545 1806 aliquando
562 1768 610 1796 cum
627 1756 689 1802 viti03
711 1755 795 1795 tertium

14 1837 123 1874 nunquam
139 1826 185 1865 sine
199 1825 276 1865 vitio...
293 1823 386 1864 Credere
400 1825 470 1863 autem
485 1825 535 1862 tunc
550 1824 581 1861 est
595 1820 731 1869 culpandum,
747 1831 795 1859 cum

13 1890 46 1932 vel
61 1890 88 1931 de
103 1890 151 1931 Deo
169 1890 281 1939 indignum
303 1888 383 1937 aliquid
405 1887 504 1933 creditur,
527 1886 559 1926 vel
581 1886 608 1925 de
628 1885 715 1925 homine
736 1883 797 1928 facile

14 1956 114 2006 creditur.
131 1956 153 1996 ln
168 1955 257 1996 caeteris
271 1965 322 1994 vero
336 1953 400 1993 rebus
414 1953 431 1993 si
446 1953 494 2001 quis
508 1951 560 2000 quid
574 1950 648 1996 credit,
663 1950 680 1989 si
695 1961 718 1989 se
731 1949 751 1988 id
762 1960 797 1987 ne-

14 2022 68 2062 scire
83 2021 194 2071 intelligat,
210 2010 267 2060 nulla
281 2018 344 2068 culpa
358 2021 415 2059 est...
438 2016 527 2066 Opinari
549 2018 619 2056 autem
641 2015 693 2055 duas
715 2013 743 2054 ob
764 2025 798 2052 res

14 2087 162 2136 turpissimum
177 2088 219 2126 est:
235 2085 294 2134 quod
309 2087 329 2124 et
344 2084 425 2123 discere
439 2094 483 2122 uon
498 2083 575 2130 potest,
593 2081 629 2129 qui
651 2080 690 2120 sibi
713 2079 753 2118 iam
775 2090 798 2118 se

14 2152 69 2193 scire
84 2152 195 2202 persuasit,
210 2151 227 2191 si
243 2150 310 2190 modo
325 2148 377 2197 illud
391 2147 443 2188 disci
459 2148 539 2196 potest;
555 2147 575 2185 et
590 2156 627 2194 per
641 2156 664 2184 se
678 2145 724 2192 ipsa
733 2146 798 2182 terne-
844 2181 845 2184 ,

15 2218 65 2258 ritas
79 2229 123 2258 non
137 2216 192 2257 bene
202 2215 272 2256 allecti
283 2215 347 2255 animi
358 2214 443 2262 siguum
454 2214 510 2252 est...
524 2207 573 2259 [Qui
585 2204 690 2259 opinatur]
702 2208 798 2257 proiecto

15 2284 77 2331 errat,
93 2294 163 2332 neque
178 2281 291 2331 quisquam
302 2290 360 2319 error
370 2277 501 2327 turpitudine
511 2277 574 2316 caret.
585 2274 651 2321 Quod
662 2272 799 2321 intelligimus

13 2346 87 2397 igitur,
103 2347 207 2387 debemus
222 2346 309 2392 rationi;
325 2343 384 2393 quod
399 2342 513 2388 credimus,
531 2339 660 2385 auctoritati;
678 2337 737 2386 quod
754 2336 799 2385 opi-

15 2414 92 2453 namur
106 2412 180 2453 errori.
196 2410 238 2452 Sed
253 2410 373 2459 intelligens
387 2407 458 2448 omnis
475 2406 537 2446 etiam
555 2404 629 2451 credit,
646 2401 713 2443 credit
730 2400 799 2440 omnis
828 2456 830 2459 ι

16 2481 36 2518 et
51 2479 86 2527 qui
102 2478 213 2527 opinatum
229 2488 273 2516 uon
288 2476 359 2516 omnis
373 2473 409 2523 qui
424 2472 491 2512 credit
505 2470 609 2518 intelligit,
626 2467 696 2507 nullus
706 2466 741 2515 qui
753 2465 800 2514 opi-

16 2546 78 2584 natur
92 2542 197 2592 intelligit.
