1768 2978
379 92 397 126 4.
410 111 417 116 -
431 98 534 126 110111111111
547 97 592 126 scm

147 212 226 253 Contra
240 211 307 252 Acnd.
324 212 359 259 lll,
375 212 417 258 xiii,
433 212 469 252 29:
485 210 517 251 An
533 210 559 250 de
574 209 683 251 dialectica
703 207 754 248 nihil
772 207 826 248 scire
841 220 879 257 po-

92 277 163 318 tuisti?
174 278 219 326 Ego
234 289 284 317 vero
301 277 360 326 plura
375 276 476 326 quamde
491 276 565 326 quavis
580 276 638 325 parte
654 272 811 324 philosophiae.
823 273 878 314 Nam

93 344 162 392 primo
177 355 252 383 omnes
267 342 312 383 illas
328 340 493 392 propositiones,
509 341 587 392 quibus
601 352 665 390 supra
680 351 731 381 usus
747 351 803 386 sum.
819 344 879 380 veras

93 421 138 448 esse
154 410 192 449 ista
207 420 241 448 me
256 408 335 448 docuit.
347 408 430 448 Deinde
441 420 478 457 per
493 410 553 448 istam
569 407 674 447 novialia
689 405 755 446 multa
769 417 826 446 vera.
838 405 879 446 Sed

93 486 156 523 quam
178 473 244 514 multa
265 474 306 514 sint
327 464 436 514 numerate
451 474 467 513 si
484 473 579 522 potestis.
595 472 616 513 Si
632 474 732 522 quattuor
754 471 775 511 in
798 471 879 511 mundo

93 540 196 580 elementa
211 542 266 587 sunt,
278 552 321 580 non
336 542 384 580 sunt
399 540 500 588 quinque.
512 538 532 579 Si
548 539 579 579 sol
596 550 651 578 unus
661 540 699 594 est,
711 549 755 578 non
768 538 816 577 sunt
827 536 879 577 duo.

93 606 142 645 Non
158 608 227 654 potest
242 617 283 645 una
298 606 367 645 anima
382 607 402 645 et
417 605 471 645 mori
487 608 507 645 et
521 616 568 644 esse
590 603 723 644 immortalis.
740 603 789 643 Non
810 604 880 651 potest

93 670 160 710 homo
181 670 244 709 simul
259 673 279 709 et
293 670 367 710 beatus
382 672 402 709 et
417 670 481 723 miser
502 681 556 709 esse.
567 701 587 710 ..
604 669 683 710 Docuit
702 680 737 708 me
753 663 878 715 [dialectica]

93 735 110 775 si
125 736 184 783 cujus
206 746 288 781 eorum,
304 746 358 783 quae
374 746 411 783 per
431 734 586 774 connexionem
610 733 676 776 modo
699 732 810 782 proposui,
832 744 880 781 pars

94 798 220 839 antecedens
234 801 342 847 assumpta
356 798 425 844 tuerit,
439 797 521 838 trahere
536 798 655 838 necessario
666 797 687 836 id
698 788 758 846 quod
773 808 879 836 annexum

94 866 132 904 est.
145 863 173 902 Ea
183 874 233 903 vero
244 874 298 911 quae
308 874 346 911 per
356 862 516 911 repugnantiam
532 862 564 901 vel
580 861 744 909 disjunctionem
760 872 772 901 a
787 873 821 900 me
831 863 880 901 sunt

95 930 208 975 enuntiata,
220 928 273 968 hanc
288 928 365 968 habere
380 930 475 968 naturam
486 930 516 973 ut,
527 939 575 968 cum
591 927 715 968 auferuntur
730 929 819 973 caetera,
835 927 880 967 sive

95 1005 160 1033 unum
175 993 219 1033 sive
234 993 293 1042 plura
307 993 355 1039 sint,
372 995 435 1033 restet
453 992 533 1041 aliquid
553 992 611 1042 quod
627 1004 701 1033 eorum
722 991 828 1032 ablatione
846 991 880 1031 iir-

96 1061 170 1098 metur.

149 1203 172 1242 ii.
187 1201 309 1243 Assensus
331 1214 380 1243 non
403 1214 499 1254 semper
518 1202 678 1244 cohibendus.
693 1228 700 1235 -
717 1206 797 1247 Contra
810 1204 879 1246 Acar.

97 1271 130 1318 ΙΙΙ,
146 1272 187 1317 xiv,
203 1271 298 1319 30:1am
314 1282 365 1319 ergo
380 1270 406 1310 ad
423 1267 524 1319 [alteram]
548 1273 628 1319 partem
651 1271 800 1311 veniamus...
821 1269 880 1318 Quid

95 1339 165 1376 autem
180 1337 271 1385 amplius
286 1336 403 1376 desiderem
415 1337 466 1376 nihil
481 1336 558 1383 habeo,
569 1337 585 1376 si
598 1336 640 1384 jam
657 1336 767 1385 probabile
782 1339 814 1377 est
828 1348 881 1377 non-

96 1401 146 1440 nihil
161 1402 214 1441 scire
228 1402 353 1450 sapientem.
364 1433 384 1441 ..
401 1402 437 1441 Est
447 1402 503 1441 enim
514 1402 559 1441 sine
575 1401 707 1442 dubitatione
723 1403 880 1442 monstruosius

80 1467 212 1519 ¹sapientem
232 1478 275 1506 non
293 1467 411 1516 approbare
433 1467 566 1516 sapientiam,
582 1479 646 1516 quam
662 1468 779 1515 sapientem
797 1468 879 1508 nescire

96 1531 228 1579 sapientiam.
286 1564 290 1569 .
460 1524 461 1527 ’
527 1524 530 1529 “

149 1598 190 1643 xiv,
206 1597 239 1637 32.
256 1597 312 1646 Ergo
327 1597 417 1637 arbitror
431 1609 472 1646 ego
487 1598 575 1647 sapienti
591 1601 669 1638 certam
685 1610 731 1638 esse
745 1599 880 1648 sapientiam,

97 1662 110 1701 i.
127 1673 145 1700 e.
161 1662 277 1710 sapientem
295 1663 414 1711 percepisse
429 1663 562 1711 sapientiam,
578 1665 598 1702 et
613 1662 642 1703 ob
657 1662 698 1702 hoc
713 1675 762 1703 eum
777 1675 820 1704 non
836 1664 882 1713 opi-

97 1726 140 1765 nari
155 1738 203 1766 cum
218 1727 330 1766 assentitur
350 1727 475 1776 sapientiae;
491 1728 603 1768 assentitur
621 1722 680 1768 'enim
697 1729 715 1768 ei
731 1729 768 1775 rei,
784 1740 848 1778 quam
864 1730 880 1769 si

97 1802 139 1830 non
155 1792 290 1840 percepisset,
305 1791 390 1840 sapiens
404 1803 447 1848 non
462 1795 556 1832 esset...
572 1791 628 1832 Cum
644 1793 708 1841 igitur
718 1795 738 1833 et
749 1794 789 1834 scit
799 1795 881 1843 sapien-

97 1856 146 1894 tiam
162 1858 182 1894 et
196 1856 308 1895 assentitur
328 1856 450 1904 sapientiae,
473 1868 542 1905 neque
564 1856 615 1896 nihil
637 1858 683 1904 scit,
698 1870 768 1907 neque
785 1858 836 1898 nulli
852 1859 881 1899 rei

98 1920 181 1967 sapiens
196 1920 314 1960 assentitur.
726 1915 728 1917 ¹

150 1983 203 2023 lbid.
219 1985 260 2032 xvi,
275 1985 312 2025 35:
329 1984 387 2032 Quid
402 1986 418 2025 si
434 1997 485 2035 ergo
501 1987 576 2035 aliquis
591 1986 759 2028 adolescentium
774 2000 823 2029 cum
838 1989 879 2029 hos

99 2048 187 2088 audierit
203 2049 308 2090 dicentes:
327 2053 387 2099 turpe
405 2054 436 2091 est
453 2063 530 2098 errare,
546 2055 566 2092 et
584 2052 633 2091 ideo
651 2052 702 2092 nulli
718 2054 746 2092 rei
762 2055 882 2095 consentire

98 2112 212 2160 debemus3
227 2114 264 2154 sed
275 2116 344 2154 tamen
355 2127 403 2155 cum
414 2117 457 2165 agit
467 2117 557 2165 quisque
568 2117 627 2166 quod
638 2118 656 2157 ei
667 2118 751 2158 videtur
761 2118 880 2167 probabile,

99 2189 137 2216 nec
152 2181 223 2226 peccat
238 2191 276 2218 nec
291 2182 356 2226 errat;
372 2181 423 2220 illud
436 2184 517 2221 tantum
531 2183 658 2230 meminerit,
670 2183 775 2232 quidquid
791 2185 882 2225 occurrit

98 2242 130 2281 vel
141 2244 212 2282 animo
220 2244 251 2283 vel
261 2244 357 2284 sensibus
366 2257 408 2285 non
418 2258 456 2294 pro
465 2258 515 2286 vero
523 2258 570 2286 esse
581 2247 771 2296 approbandum...
783 2249 816 2289 36.
829 2249 882 2290 lllud

99 2309 129 2347 est
139 2308 234 2357 capitale,
247 2309 297 2349 illud
307 2309 480 2358 formidolosum,
490 2311 541 2351 illud
552 2313 636 2362 optimo
646 2313 723 2361 cuique
734 2308 881 2363 metuendum,

98 2373 156 2421 quod
173 2373 232 2413 neias
249 2386 320 2422 omne,
336 2375 352 2414 si
371 2376 422 2415 haec
439 2377 492 2416 ratio
510 2376 627 2426 probabilis
644 2379 684 2418 erit
698 2377 757 2426 (cum
772 2379 883 2429 probabile

98 2438 196 2486 cuiquam
214 2438 276 2479 tuerit
293 2451 339 2480 esse
355 2441 484 2488 laciendum,
500 2444 581 2482 tantum
600 2443 650 2483 nulli
669 2445 728 2493 quasi
744 2457 795 2485 vero
812 2457 883 2486 assen-

98 2501 175 2550 tiatur),
192 2515 234 2543 non
249 2504 318 2544 solum
334 2505 379 2545 sine
393 2506 478 2545 sceleris
492 2507 530 2546 sed
545 2508 607 2547 etiam
623 2509 668 2548 sine
686 2510 763 2549 erroris
778 2511 881 2559 vitupera-

99 2567 156 2607 tione
171 2569 296 2609 committat.
