1768 2978
249 52 277 88 10.
290 70 297 77 ·
310 58 337 88 DE
350 60 431 91 LUlillNE
443 62 588 94 INTELLIOIBILI
784 59 809 98 53

23 179 69 205 sura
81 169 174 205 omnirei
188 169 269 206 modum
282 170 374 216 praefigit,
387 173 406 208 et
417 183 508 209 numerus
521 174 574 209 omni
587 174 613 210 rei
626 176 709 221 speciem
726 175 809 221 praebet,

25 230 44 264 et
56 228 134 274 pondus
143 238 226 265 omnem
238 239 279 265 rem
292 225 413 276 adquietem
421 242 448 268 ac
464 232 583 269 stabilitatem
599 233 659 279 trahit,
676 234 707 270 ille
723 235 809 280 primitus

22 290 44 324 vet
56 288 146 324 veraciter
158 290 177 324 et
189 287 309 334 singulariter
321 289 356 325 ista
369 292 402 335 est,
415 290 448 336 qui
461 292 548 327 terminat
556 292 627 337 omnia,
636 292 731 330 etiormat
739 294 809 338 omnia,

25 349 44 384 et
56 347 132 384 ordinat
144 348 233 384 omnia».
564 384 566 387 .

22 417 23 422 ¹
61 405 131 443 ι(1.1ιι
147 406 258 452 Epis;.XlV‚
275 409 292 452 4,
309 410 389 445 conatur
405 403 521 455 respondere
539 410 632 446 Nebridio
648 412 745 457 quaerenti
762 412 810 447 sitne

25 475 67 502 una
73 465 189 511 generaliter
201 464 244 502 idea
256 465 340 503 hominis
352 467 372 503 in
385 467 450 504 Verbo
463 468 534 513 divino,
547 479 570 504 an
583 469 626 505 idea
643 469 762 515 singulorum
776 470 810 505 ho-

25 523 105 560 minum.
119 523 240 569 Responsum
252 525 281 561 sat
293 535 364 570 anceps
377 527 395 562 et
407 526 523 562 obscurum:
537 540 545 557 ι
560 527 586 563 lta
599 527 678 573 quilibet
694 528 760 572 homo,
772 538 811 563 una

26 584 104 629 ratione,
117 595 156 631 qua
168 584 283 630 intelligitur,
296 585 356 621 iactus
369 588 408 622 est:
422 587 440 622 at
452 588 473 622 ut
485 587 568 632 populus
584 586 623 631 nar,
636 587 722 632 quamvis
739 588 810 633 etipsa

22 651 65 680 una
77 643 131 688 ratio,
143 645 260 680 nontamen
273 644 356 681 hominis
369 645 416 681 ratio
429 645 595 683 sedlhominum...
608 645 740 688 Quamobrem
757 648 810 692 quod

25 702 152 748 plurimorum
165 703 267 740 hominum
279 704 305 740 ibi
320 703 367 740 ratio
384 705 417 749 est,
434 715 474 740 non
489 705 513 740 ad
530 705 594 751 ipsum
610 704 709 740 hominem
725 706 810 751 pertinet,

23 772 144 808 quamquam
157 762 208 799 miris
221 773 297 799 rursum
309 763 373 799 modis
385 763 410 799 ad
425 774 485 799 unum
502 764 567 800 omnia
583 763 715 809 redigantur».
732 764 811 801 Videtur

26 821 140 867 plerumque
153 832 262 868 supponere
275 822 395 868 singulorum
408 822 528 859 rationesrhi
541 833 589 859 esse.

227 953 260 1016 ‘19ss
275 996 282 1005 -
298 974 334 1015 ne
351 974 445 1021 rumine
462 974 626 1028 intelligibili·

80 1075 95 1116 i.
112 1066 186 1116 Deus
194 1065 232 1116 sol
247 1076 289 1128 qui
301 1087 340 1116 res
351 1074 465 1124 illustrat,
475 1077 580 1117 mentem
591 1075 721 1117 illuminat.
730 1099 737 1106 -
747 1080 809 1121 Solil.

26 1144 42 1192 l,
58 1145 72 1192 i,
88 1146 112 1185 3:
128 1144 159 1184 Te
173 1145 276 1196 invoco..
292 1144 351 1184 Deus
366 1144 504 1202 intelligibilis
518 1144 560 1191 lux,
576 1146 597 1184 in
612 1156 656 1193 quo
670 1147 691 1185 et
705 1157 717 1185 a
731 1157 775 1194 quo
790 1149 810 1185 et

22 1222 64 1259 per
74 1209 309 1264 quemintelligibiliter
319 1210 396 1257 lucent,
408 1221 462 1259 quae
472 1202 631 1258 intelligibiliter
645 1210 715 1250 lucent
729 1212 808 1251 omnia.

23 1307 25 1310 ,
60 1306 62 1309 s
80 1275 124 1322 viii,
141 1264 176 1315 15:
196 1274 336 1323 Intelllgibilis
355 1286 433 1324 nempe
452 1274 510 1314 Deus
529 1269 567 1322 est,
588 1274 727 1323 intelligibilia
747 1276 809 1332 etiam

26 1340 61 1380 illa
76 1340 235 1389 disciplinarum
251 1340 392 1389 spectamina3
410 1342 480 1380 tamen
496 1332 739 1388 plurimum'drfferunt.
755 1341 809 1380 Nam

25 1409 46 1445 et
56 1408 111 1445 terra
121 1404 210 1455 visibilis
225 1407 245 1461 et
259 1405 304 1452 lux;
320 1405 358 1445 sed
372 1407 435 1452 terra,
450 1406 489 1444 nisi
505 1405 551 1444 luce
566 1404 674 1451 illustrata,
686 1405 751 1445 videri
766 1417 809 1445 non

26 1472 103 1520 potest.
120 1470 177 1519 Ergo
192 1472 213 1510 et
227 1469 262 1510 illa
276 1481 331 1519 quae
346 1470 366 1509 in
381 1470 499 1519 disciplinis
513 1469 630 1516 traduntur,
646 1480 700 1518 quae
714 1470 810 1518 quisquis

25 1536 132 1585 intelligit,
147 1536 257 1582 verissima
271 1547 317 1586 esse
332 1535 389 1575 nulla
406 1535 538 1575 dubitatione
557 1531 661 1581 concedit,
680 1534 809 1574 credendum

25 1604 96 1643 estea
110 1613 154 1642 non
168 1613 231 1651 posse
242 1600 330 1650 intelligi
345 1601 384 1645 nisi
400 1600 427 1640 ab
441 1600 483 1640 alio
498 1600 557 1649 quasi
565 1611 607 1643 ,suo
617 1599 663 1645 sole
674 1599 809 1649 illustrentur.

22 1667 83 1719 ,Ergo
102 1666 215 1716 quomodo
230 1667 251 1705 in
266 1666 308 1706 hoc
322 1665 367 1705 sole
384 1666 423 1705 tria
442 1665 546 1714 quaedam
566 1665 614 1704 licet
633 1658 809 1705 animadvertere:

23 1731 85 1783 quod
100 1733 139 1779 est,
155 1728 214 1781 quod
228 1730 378 1780 fulget-quod
396 1730 510 1777 illuminat3
531 1730 558 1769 ita
578 1730 598 1769 in
609 1722 652 1769 'illo
669 1729 810 1786 secretissimo

26 1796 74 1837 Deo
88 1808 152 1846 quem
168 1797 200 1837 vis
214 1796 339 1845 intelligere,
355 1796 393 1835 tria
408 1795 512 1844 quaedam
533 1797 592 1848 sunt:
615 1793 674 1842 quod
693 1796 732 1841 est,
752 1795 810 1842 quod

26 1862 158 1912 intelligitur,
174 1858 197 1902 et‘
209 1862 268 1911 quod
283 1863 364 1901 caetera
379 1861 428 1900 iacit
443 1860 539 1908 intelligi.
653 1913 655 1915 Ι

63 1977 65 1979 ,
79 1928 104 1967 In
118 1928 178 1977 loun.
193 1928 261 1967 Euan.
277 1926 361 1974 XXXV,
377 1927 400 1966 3:
416 1925 535 1972 Quomodo
550 1936 602 1973 ergo
613 1925 651 1964 ista
662 1925 682 1963 in
693 1924 746 1964 facie
756 1935 811 1973 quae

19 1989 131 2033 ‘habemus
145 1992 260 2033 etlumine
270 2002 426 2040 nuncupamus,
437 1993 458 2030 et
469 1989 556 2038 quando
566 2001 616 2029 sana
626 1991 682 2035 sunt,
694 1992 714 2029 et
724 1989 811 2037 quando

24 2061 106 2110 patent,
122 2054 219 2107 indigent
233 2058 362 2097 extrinsecus
381 2056 440 2096 adiu
432 2058 495 2095 ono
507 2054 603 2102 luminis;
612 2066 667 2103 quo
686 2053 756 2117 ablato
776 2056 811 2094 aut

25 2135 70 2164 non
85 2124 151 2178 illato,
166 2135 227 2164 sana
231 2110 288 2170 sunt,
304 2125 375 2172 aperta
389 2123 446 2168 sunt,
461 2132 501 2160 nec
514 2122 585 2160 tamen
600 2119 681 2159 vident:
702 2120 732 2160 sic
751 2131 811 2160 rnens

26 2191 106 2244 nostra,
122 2190 158 2239 qui
173 2191 205 2243 est
219 2188 294 2229 oculus
309 2188 399 2233 animae,
415 2186 454 2225 nisi
469 2186 562 2225 veritatis
577 2174 656 2238 lumine
674 2183 773 2231 radietur,
791 2186 811 2224 et

26 2255 53 2296 ab
68 2240 105 2296 illo
120 2256 156 2306 qui
172 2254 277 2310 illuminat
290 2264 330 2293 nec
344 2251 481 2298 illuminatur
497 2247 621 2291 mirabiliter
635 2235 756 2314 illustretur,
772 2248 811 2316 nec

26 2321 53 2362 ad
68 2322 195 2376 sapientiam
210 2332 249 2361 nec
263 2319 290 2360 ad
305 2318 406 2359 iustitiam
421 2317 498 2366 poterit
513 2315 630 2365 pervenire.

74 2429 95 2456 a.
108 2420 139 2457 Ad
152 2420 262 2457 Platonicos
275 2418 324 2455 hanc
345 2416 451 2453 doctrinam
470 2414 536 2458 refert,
549 2413 580 2450 De
591 2413 633 2450 Cu
651 2413 697 2449 Dei
707 2408 756 2458 Vlll,
775 2413 811 2450 vii:

27 2480 119 2517 «Lumen
132 2470 302 2516 autem'mentium
318 2487 360 2514 esse
379 2475 474 2512 dixerunt>
486 2475 510 2511 ad
529 2473 620 2509 discenda
639 2473 710 2517 omnia,
728 2483 812 2519 eumque

21 2539 90 2587 ipsum
102 2539 200 2582 [Douma
218 2549 265 2585 quo.
276 2538 325 2574 iacta
343 2537 387 2573 sunt
406 2535 471 2571 omnia
478 2546 500 2577 >›;
519 2533 564 2570 ibid.
583 2533 610 2577 X,
624 2532 648 2577 ii3
667 2532 690 2575 ci.
708 2532 762 2577 intra,
782 2531 811 2579 iu.
