1768 2978
195 80 211 115 3.
227 98 234 104 -
250 86 290 114 NlSi
303 87 446 118 cafiorofinlirs
459 90 502 118 NON
517 91 657 121 INTELLIGETIS
770 108 773 111 <
811 84 821 118 7

79 207 98 233 c.
112 197 143 233 De
157 196 203 234 Util.
217 196 360 243 execramini,
373 200 407 236 34:
422 215 429 230 x
437 200 456 237 Si
470 201 521 237 enim
534 202 570 238 Dei
583 201 703 247 providentia
716 212 755 237 non
769 213 822 247 prae-

31 258 80 295 sidet
93 257 149 293 rebus
163 256 258 302 humanis,
272 257 317 293 nihil
331 260 359 304 est
371 259 396 294 de
410 259 501 305 religione
514 260 647 307 satagendum.
656 261 689 298 Sin
699 271 745 297 vero
753 262 772 298 et
780 272 822 307 spe·
857 284 859 286 -

31 318 69 354 cies
83 327 145 352 rerum
159 316 252 360 omnium,
265 327 323 362 quam
336 317 422 363 protecto
435 319 536 364 ex‘aliquo
549 320 658 356 verissimae
675 320 822 365 pulchritudinis

31 378 84 413 tonte
97 386 174 411 manare
186 375 304 412 credendum
317 378 350 421 est,
364 379 382 413 et
394 377 472 414 interior
488 379 554 414 nescio
567 389 617 424 quae
630 379 746 415 conscientia
759 379 822 415 Deum

32 435 163 483 quaerendum
173 435 256 481 Deoque
264 436 385 472 serviendum
395 437 483 474 meliores
496 448 585 483 quosque
598 438 673 474 animos
682 438 737 483 quasi
746 438 822 484 publice

32 495 158 543 privatimque
171 495 265 539 hortatum
274 506 317 532 non
331 497 359 532 est
372 497 513 542 desperandum
526 497 550 533 ab
564 497 633 534 eodem
646 497 689 544 ipso
702 498 745 533 Deo
759 500 823 547 aucto-

33 556 105 592 ritatem
118 554 202 601 aliquam
216 555 343 600 constitutam,
352 566 392 602 quo
401 557 452 592 velut
464 557 524 603 gradu
536 559 587 593 certo
600 557 707 603 innitentes,
717 558 823 595 attollamur

32 615 55 651 ad
70 615 154 658 Deum»;
168 614 193 650 de
207 625 245 660 qua
261 614 372 651 auctoritate
391 617 466 652 constat
486 616 569 661 «partim
588 603 689 660 miraculis,
708 617 775 662 partim
795 627 824 652 se-

32 674 132 720 quentium
146 673 290 711 multitudine».
303 674 351 727 Ibid.
361 674 400 719 xiii,
408 676 440 712 29:
450 675 543 712 accedens
556 676 581 712 ad
594 675 707 721 religionem
721 676 778 712 debet
785 676 824 722 iam

32 734 105 770 credere
123 733 187 769 Deum
205 735 223 769 et
236 744 278 770 esse
291 735 309 770 et
322 734 411 770 humanis
430 734 526 770 mentibus
543 735 640 780 opitulari,
653 735 707 780 quod
720 735 772 771 idern
785 735 824 770 tere

32 793 101 828 dicitur
113 793 137 828 de
150 792 225 836 animae
238 792 384 838 immortalitate,
391 793 421 837 vii,
432 795 459 829 14.
470 794 574 829 lncredulis
587 793 653 829 maluit
666 794 757 830 indirecte
766 804 824 839 quam

33 852 102 888 directe
115 852 197 904 probare
211 852 274 888 Deum
293 852 446 889 Christianorum
459 853 556 897 exsistere,
569 873 576 879 -
589 853 629 889 scil.
642 853 744 898 probando
763 853 825 898 primo

33 911 116 947 divinam
135 911 273 958 institutionem
293 911 397 956 Ecclesiae,
416 912 447 948 De
464 912 506 948 Lib.
526 911 572 948 Ara.
592 912 613 957 ll,
627 912 645 956 ii,
658 914 677 956 53
690 913 722 948 De
734 912 775 949 Ciu.
788 911 828 948 Dei

33 971 82 1016 xlx,
95 971 141 1007 xxii.
190 978 192 1002 ῐ
494 1001 496 1004 .

81 1028 102 1065 d.
116 1020 197 1067 Minime
214 1030 288 1067 dubitat
301 1030 347 1076 quin
360 1031 421 1076 possit
437 1031 510 1077 absque
527 1031 604 1077 praevia
620 1031 659 1067 lide
671 1031 760 1068 humana
777 1031 824 1067 ratio

33 1090 101 1126 multas
115 1091 133 1126 et
145 1090 237 1134 sublimes
250 1090 337 1127 veritates
350 1090 437 1135 reperire.
452 1090 582 1137 Philosophos
596 1091 705 1127 Platonicos
714 1101 772 1140 saepe
785 1091 827 1127 lau-

33 1150 65 1185 dat
78 1149 131 1195 quod
145 1144 212 1185 eoru‘m
226 1149 294 1195 placita
307 1149 356 1186 adeo
369 1152 433 1186 essent
445 1150 506 1186 vicina
518 1150 609 1186 doctrinis
618 1149 740 1193 Christianis,
752 1150 838 1187 extollit,

33 1209 128 1245 interdum
141 1209 192 1245 vires·
203 1211 221 1245 et
233 1209 310 1245 virtutes
324 1220 373 1255 quae
392 1210 465 1245 homini
485 1210 544 1254 etiam,
560 1210 615 1255 lapso
632 1211 698 1245 natura
713 1211 825 1261 competunt

33 1267 71 1314 (De
81 1267 121 1305 cu.
130 1268 170 1305 Dei
177 1269 235 1313 XXII,
244 1268 303 1314 xxiv),
312 1268 397 1315 seposito
411 1269 479 1314 quovis
493 1269 639 1315 praesupposito
653 1269 763 1315 dogmatico
776 1268 824 1305 Aca·

34 1328 119 1364 demicos
132 1328 208 1372 refutat,
221 1328 330 1365 incredulos
339 1329 411 1374 passim
423 1329 533 1374 aggreditur
545 1328 602 1364 armis
611 1328 670 1364 solius
680 1329 763 1376 rationis,
773 1323 824 1364 nulla

6 1408 7 1411 =
34 1387 57 1423 ab
71 1387 98 1423 eis
111 1387 150 1423 tide
162 1387 304 1440 praerequisita,
322 1398 380 1433 quem
399 1389 462 1424 tamen
482 1388 563 1423 modum
582 1387 699 1433 procedendi
715 1387 763 1429 dicit
782 1398 824 1423 esse

34 1449 178 1492 praeposterum
191 1446 230 1493 (De
241 1447 293 1483 Mor.
306 1447 355 1483 Eccl.
369 1447 424 1484 Catia.
434 1448 447 1492 l,
456 1447 475 1492 ii,
483 1446 508 1491 3).
519 1448 589 1485 Revera
602 1458 642 1483 non
653 1437 690 1483 sibi
704 1447 758 1493 ponit
767 1457 824 1492 quae-

34 1505 116 1542 stionem
129 1506 176 1551 quid
189 1505 250 1559 'possit
267 1507 313 1542 ratio
327 1506 411 1542 humana
423 1517 457 1552 per
469 1517 490 1542 se
502 1507 549 1542 sola.
563 1506 646 1551 Respicit
658 1505 708 1542 enim
726 1505 824 1542 hominem

34 1565 53 1600 in
66 1565 114 1600 statu
128 1565 147 1600 in
160 1562 200 1611 quo
213 1565 238 1601 de
256 1565 306 1601 iacto
320 1565 398 1610 exsistit,
411 1565 486 1611 lapsum
505 1565 576 1601 scilicet
591 1567 609 1600 et
622 1565 681 1610 gratia
700 1565 793 1600 elevatum
807 1566 825 1600 et

34 1624 148 1660 revelatione
161 1624 258 1670 adjutum,
267 1635 303 1661 nec
316 1624 369 1660 ullibi
382 1626 462 1660 conatur
475 1624 618 1670 philosophiam
631 1624 730 1660 elaborare
743 1623 825 1669 quaesit

35 1693 45 1718 a
58 1683 150 1728 religione
163 1683 262 1720 Catholica
275 1683 407 1729 independens
421 1685 439 1719 et
451 1683 505 1729 quasi
522 1684 633 1719 autonoma.

89 1847 122 1889 iii.
138 1848 292 1895 intellectum
307 1847 380 1889 valde
397 1860 460 1889 ama.
474 1852 534 1901 Epis.
551 1851 608 1892 CXX
624 1849 659 1897 tad
675 1848 825 1896 Consentium)

35 1918 49 1964 i,
65 1919 89 1965 3³.
105 1917 166 1958 absit
187 1929 280 1967 namque
295 1919 318 1957 ut
332 1917 374 1957 hoc
389 1918 410 1956 in
425 1916 488 1957 nobis
509 1916 568 1957 Deus
590 1917 666 1963 oderit,
684 1916 765 1964 inquo
787 1927 827 1956 nos

35 1983 122 2031 reliquis
143 1982 287 2023 animantibus
309 1982 468 2029 excellentiores
490 1982 575 2022 creavit.
598 1981 667 2028 Absit,
691 1981 786 2030 inquam,
805 1982 827 2020 ut

36 2047 85 2088 ideo
106 2049 219 2089 credamus
233 2060 260 2089 ne
275 2049 379 2088 rationem
401 2048 531 2096 accipiamus
552 2048 597 2087 sive
619 2058 757 2096 quaeramus;
778 2058 826 2086 cum

36 2114 98 2154 etiam
109 2114 196 2157 credere
206 2125 249 2154 non
261 2125 381 2163 possemus,
393 2114 432 2153 nisi
443 2113 556 2153 rationales
566 2113 648 2152 animas
658 2111 794 2152 haberemus.
806 2143 810 2151 .
822 2142 827 2151 .

35 2178 55 2217 6.
72 2179 131 2219 Haec
146 2176 235 2219 dixerim
250 2182 273 2219 ut
286 2178 353 2219 iidem
368 2181 426 2218 tuam
437 2178 463 2218 ad
474 2189 570 2218 amorem
586 2177 737 2226 intelligentiae
752 2176 828 2217 cohor·

36 2245 74 2291 ter,
90 2245 196 2293 adquam
217 2245 270 2285 ratio
285 2255 334 2284 vera
349 2244 453 2293 perducit,
470 2246 490 2283 et
504 2244 537 2282 cui
552 2242 608 2282 tides
622 2244 718 2282 animum
741 2254 828 2291 praepa-

36 2312 106 2358 rat...
122 2310 144 2356 ii.
160 2311 180 2349 8.
197 2309 268 2350 Habet
282 2320 375 2358 namque
389 2308 444 2349 tides
458 2307 533 2348 oculos
552 2319 611 2354 suos,
628 2307 706 2356 quibus
724 2306 828 2356 quodam-

36 2374 103 2414 modo
114 2375 171 2415 videt
181 2386 255 2416 verum
266 2386 312 2415 esse
323 2374 382 2423 quod
397 2373 493 2413 nondum
508 2372 573 2420 videt,
585 2374 605 2412 et
615 2372 694 2422 quibus
711 2373 828 2412 certissime

34 2439 93 2480 uidet
110 2441 207 2481 nondum
222 2452 245 2480 se
259 2440 332 2480 videre
346 2439 405 2488 quod
420 2438 494 2482 credit.
512 2438 579 2478 Porro
596 2440 666 2478 autem
682 2438 718 2485 qui
734 2449 783 2477 vera
798 2449 829 2476 ra·

37 2504 95 2545 tione
108 2506 151 2554 jam
167 2505 226 2555 quod
246 2505 396 2547 tantummodo
416 2503 515 2544 credebat
535 2502 640 2551 intelligit,
657 2502 754 2551 proiecto
770 2514 829 2550 prae·

38 2571 151 2618 ponendus
166 2573 197 2612 est
212 2571 230 2611 ei
246 2571 282 2620 qui
298 2571 356 2619 cupit
371 2569 441 2610 adhuc
461 2567 578 2617 intelligere
598 2567 657 2617 quod
672 2567 777 2607 credit...
795 2566 830 2607 Sic
