1768 2978
152 85 175 120 10
182 95 195 111 ··
207 93 295 123 neurius
307 94 354 123 esse
366 96 415 133 isra,
423 96 535 127 SENSlBILIA
543 99 655 129 ιιιιιιιιιειιιιιι
774 93 798 129 33

12 215 48 249 sus
62 205 195 247 terrenorum
211 202 308 254 delectet,
324 204 375 252 mibi
391 206 461 257 crede,
480 208 556 252 eodem
579 211 698 259 momento,
720 208 798 251 eodem

13 275 93 324 puncto
107 273 219 321 temporis,
234 272 318 314 videbis
332 275 391 323 quod
407 276 476 324 cupis.
637 283 639 286 '

65 336 100 375 De
115 336 169 375 Util.
186 336 293 376 Credendi
306 337 320 383 i,
338 339 359 376 l:
374 338 416 377 Sed
432 336 523 386 [veritasl
539 351 572 379 res
587 344 619 379 est
635 341 701 388 longe
717 343 799 379 remota

13 409 142 444 avanorum
157 398 270 455 hominurn
287 399 402 450 mentibus,
421 402 456 453 qui
479 403 543 444 nimis
564 403 585 444 in
606 402 659 444 baec
680 402 800 453 corporalia

14 468 121 519 progressi
136 470 200 516 atque
215 467 276 517 lapsi,
292 468 344 508 nihil
359 469 420 509 aliud
431 472 506 519 putant
520 482 566 511 esse
587 467 658 519 quam
674 471 733 519 quod
755 470 799 511 istis

13 533 108 580 quinque
122 525 240 571 notissimis
254 533 334 571 nuntiis
348 534 445 580 corporis
459 535 562 581 sentiunt3
578 537 599 573 et
613 534 746 582 quasabbis
756 534 800 582 pla·

14 606 51 647 gas
65 596 129 645 atque
139 595 244 645 imagines
258 598 393 646 acceperunt,
409 607 445 636 eas
459 607 531 636 secum
546 596 642 644 volvunt,
665 598 728 636 etiarn
750 608 799 654 cunr

12 665 117 705 conantur
124 661 223 704 recedere
231 674 243 703 a
252 663 361 711 sensibus;
372 666 393 704 et
403 676 428 704 ex
438 676 510 705 earum
521 663 630 705 mortitera
637 666 658 704 et
665 664 800 705 fallacissima

13 727 93 776 regula,
109 728 226 767 ineiiabilia
241 729 356 776 penetralia
370 730 463 769 veritatis
478 730 594 769 rectissime
604 740 627 769 se
637 718 706 780 metiri
717 731 799 777 putant.

65 790 100 829 De
111 789 192 839 Quarti.
202 790 246 829 An.
258 791 274 837 l,
285 792 356 837 xxviii,
372 793 408 830 54:
425 791 525 830 Humana
539 803 590 830 vero
605 793 677 848 anima
686 803 724 839 per
735 792 801 834 ,ratio-

13 870 62 899 nem
77 859 141 907 atque
155 856 274 906 scientiam,
290 856 317 899 de
331 857 409 908 quibus
424 858 515 908 agimus,
531 856 591 907 quod
605 859 654 899 sunt
675 858 714 899 ista
730 853 801 907 vlonge

13 924 165 973 praestantiora
180 923 285 970 sensibus.
301 924 413 972 suspendit
427 936 476 964 sea
493 936 584 972 corpore
601 926 704 973 quantum
722 926 800 972 potest,

13 990 33 1027 et
47 998 72 1026 ea
86 998 141 1034 quae
156 988 212 1025 intus
222 988 254 1026 est
263 987 363 1026 libentius
373 988 449 1026 fruitur
458 988 578 1042 voluptate;
589 990 713 1035 quantoque
723 988 744 1026 in
754 999 801 1026 sen·

14 1065 50 1095 sus
64 1051 164 1101 declinat,
180 1045 244 1095 tanto'
254 1047 323 1103 magis
337 1051 462 1095 similiorem
478 1050 587 1095 hominem
599 1050 670 1103 pecori
679 1050 737 1094 iacit.
750 1050 805 1102 lnde

14 1123 45 1160 est
59 1119 118 1167 quod
133 1120 197 1160 etiam
213 1120 272 1168 pueri
283 1120 400 1169 vagientes,
405 1122 492 1174 ‘quanto
502 1114 615 1160 alieniores
627 1116 731 1175 aratione
743 1121 799 1166 sunt>

13 1186 72 1223 tanto
82 1182 165 1222 facilius
175 1183 299 1222 discernunt
308 1195 372 1223 sensu
374 1185 446 1222 etiam
455 1177 576 1222 contactum
584 1172 801 1235 coniunctionemque

14 1246 129 1307 nutricum.
145 1247 178 1289 55
194 1236 354 1311 Quomobrem
370 1247 468 1299 quamvis
482 1246 539 1289 aliud
554 1259 580 1289 ex
592 1244 636 1289 alio
651 1246 755 1295 inciderit,
777 1246 800 1288 li-

13 1302 88 1355 benter
102 1315 193 1355 tamen'
187 1327 209 1355 m
224 1326 251 1355 eo
268 1327 368 1363 sermone
385 1315 487 1367 demoror
508 1326 552 1366 quo
574 1304 713 1371 admonetur
721 1308 799 1362 anima,

14 1391 77 1418 nese
92 1373 224 1427 ultraquam
240 1381 355 1424 necessitas
369 1380 434 1427 cogit,
453 1379 577 1431 refundat
572 1391 592 1425 ιιι
607 1391 692 1425 sensus;
714 1379 752 1430 sed
773 1379 800 1418 ab

13 1443 46 1485 bis
61 1443 133 1494 potius
147 1442 177 1485 ad
189 1443 281 1494 seipsam
297 1443 392 1494 colligat,
408 1445 435 1486 et
443 1445 576 1493 repuerescat
590 1442 645 1485 Deo.

66 1512 102 1552 De
114 1512 175 1552 Mus.
190 1512 226 1559 Vi,
236 1512 341 1558 ιιιίιιιόιιι-
355 1510 502 1560 Amorigitur
517 1510 594 1560 agendi
612 1507 712 1551 adversus
722 1522 799 1550 succe÷

14 1577 88 1615 dentes
103 1577 214 1623 passiones
223 1577 325 1624 corporis
334 1576 380 1622 sui,
397 1577 471 1634 avertit
486 1576 578 1615 animam
594 1587 606 1613 a
620 1574 800 1622 contemplatione

14 1641 157 1689 aeternorum,
169 1639 287 1681 sensibilis
294 1639 417 1700 voluptatis
423 1650 474 1680 cura
488 1640 534 1679 eius
549 1649 640 1679 avocans
651 1638 798 1678 intentionem:

14 1708 56 1757 hoc
70 1710 148 1748 autem
156 1708 200 1756 agit
215 1693 365 1748 occursoribus
382 1707 486 1758 numeris
506 1705 591 1747 Avertit
602 1706 670 1746 etiam
692 1717 753 1746 amor
773 1704 800 1745 de

14 1772 151 1820 corporibus
155 1772 267 1823 operandi,
283 1773 324 1811 et
319 1771 434 1819 inquietam
450 1771 509 1810 iacit:
532 1770 574 1810 hoc
595 1774 665 1825 autem
687 1771 731 1817 agit
752 1781 800 1817 pro-

14 1834 148 1889 gressor'ibus
162 1835 265 1879 numeris.
280 1834 383 1881 Avertunt
394 1825 521 1890 phantasiae
535 1836 606 1884 atque
613 1833 769 1892 phantasmata
781 1836 801 1872 et

14 1899 66 1944 baec
80 1905 124 1953 agit
139 1891 307 1944 recordabilibus
321 1898 423 1944 numeris
437 1901 523 1943 'Avertit
533 1895 652 1951 denique
640 1897 701 1966 amor
714 1901 800 1941 vanissi-

15 1979 61 2006 mae
76 1969 206 2016 cognitionis
220 1968 294 2007 talium
309 1979 388 2007 rerum.
404 1966 445 2012 (De
460 1967 538 2015 quibus
554 1967 656 2011 numeris
670 1966 706 2005 ci.
729 1977 800 2013 supra,

14 2027 56 2078 7,
49 2026 74 2078 ri,
91 2028 128 2081 a..)

62 2164 83 2190 a.
97 2156 155 2200 Cous.
168 2156 208 2199 Vll,
223 2156 235 2199 i,
249 2158 256 2191 l
272 2155 369 2200 (conando
382 2155 448 2190 Deum
461 2152 563 2199 cogitare):
579 2152 696 2188 «Clamabat
709 2152 802 2187 violenter

15 2222 125 2250 cormeum
138 2213 232 2252 adversus,
242 2212 307 2249 omnia
319 2212 452 2260 phantasmata
465 2221 513 2256 mea,
526 2212 545 2246 et
557 2211 594 2245 hoc
609 2220 649 2245 uno
665 2209 702 2245 ictu
718 2209 803 2244 conabar

14 2274 91 2320 abigere
104 2275 273 2312 circumvolantem
285 2274 360 2311 turbam
373 2266 505 2310 immunditiae
517 2270 541 2308 ab
554 2270 595 2308 acie
614 2270 682 2307 mentis
701 2280 765 2306 meae:
784 2270 802 2306 et

15 2333 45 2368 vix'
58 2334 132 2369 dimota
144 2335 164 2370 in
176 2334 215 2370 ictu
227 2334 278 2369 oculi
291 2343 335 2369 ecce
349 2332 465 2377 conglobata
480 2341 544 2367 rursus
562 2330 627 2366 aderat
645 2331 664 2365 et
681 2330 764 2365 irruebat
782 2329 802 2364 in

15 2393 140 2437 conspectum
153 2393 224 2437 merim,
237 2393 255 2427 et
268 2390 394 2426 obnubilabat
406 2399 460 2432 eum3
473 2391 494 2424 ut
506 2388 593 2433 quamvis
602 2384 642 2422 non
653 2387 715 2422 torma
724 2387 802 2421 humani

15 2453 107 2499 corporis,
120 2464 235 2500 corporeum
243 2454 308 2490 tamen
316 2450 388 2498 aliquid
397 2449 481 2497 cogitare
490 2459 569 2499 cogerer
577 2458 612 2495 per
622 2445 683 2494 spatia
691 2446 778 2483 locorum
786 2460 802 2483 ι.
839 2471 841 2473 .

63 2511 85 2551 ιι.
97 2513 129 2549 De
136 2514 220 2549 Immort.
229 2512 266 2548 An.
275 2513 287 2556 i,
297 2513 312 2547 l:
326 2526 334 2541 ι
341 2501 383 2547 Nec
391 2520 461 2555 corpus
470 2508 562 2558 intelligit,
570 2518 606 2543 nec
615 2507 691 2543 animus
699 2506 802 2542 auxiliante

16 2578 114 2615 corpore...
127 2571 172 2616 quia
185 2581 229 2606 cum
241 2570 346 2614 intelligere
358 2569 403 2612 vult,
416 2578 427 2602 a
439 2577 520 2611 corpore
533 2565 644 2600 avertitur».
657 2564 688 2600 De
705 2564 758 2599 Mus.
770 2565 802 2607 Vl,

757 2672 766 2699 3
