1768 2978
231 59 258 98 19.
272 78 278 83 ·
292 65 318 93 ne
332 65 412 95 luminii
426 68 568 97 intentionum
767 63 790 98 55

6 191 54 220 nem
70 190 198 229 corporum:
215 180 297 227 caritas,
314 180 424 229 gaudium,
436 181 592 230 longanimitas,
605 195 651 232 pax,
663 183 790 233 benignitas,

5 242 97 292 bonitas,
116 244 177 292 tides,
197 245 346 293 mansuetudo,
370 247 506 293 continentia,
529 248 585 288 nulla
606 248 702 288 locorum
724 250 791 297 spatia

5 312 85 357 tenent,
101 309 163 350 nulla
174 311 332 359 intercapedine
347 314 477 360 separantur,
494 314 529 352 aut
543 313 613 362 aliqua
635 314 690 353 oculi
712 304 789 364 cordis,

6 386 50 424 quo
65 374 137 415 radios
151 387 202 416 suos
218 376 301 416 mittant
315 378 335 416 et
344 366 374 416 ¹⁴ea
388 377 480 424 videant,
497 378 604 418 intervalla
618 379 756 427 conquirunt!

58 441 100 480 44.’
110 436 223 489 [lamvero]
239 441 255 491 si
264 453 296 495 ea
310 453 365 490 quae
380 442 400 481 in
416 453 440 482 ea
455 442 501 482 luce
516 442 587 483 cordis
599 443 666 483 oculis
677 444 790 491 intuemur,

5 508 26 546 et
41 505 190 561 discernuntur
205 507 259 546 inter
273 518 303 554 se,
319 509 339 547 et
356 508 420 548 nullis
443 507 539 548 locorum
561 509 634 557 spatiis
655 513 790 558 separantur;

6 573 87 620 quanto
102 572 171 620 magis
186 571 252 620 Deus,
268 573 304 621 qui
320 572 395 630 lucem
405 572 508 613 inhabitat
518 573 684 614 inaccessibilem
695 576 792 623 corporis

5 636 111 684 sensibus
127 648 171 686 quo
187 649 226 677 nec
241 637 307 687 ipsius
322 631 360 678 nisi
377 638 449 678 mundi
466 641 535 687 potest
546 651 591 679 esse
602 638 672 679 cordis
682 640 790 681 accessus!

6 701 62 742 Cum
78 703 142 751 igitur
156 702 225 743 lucem
241 703 302 743 istam
318 704 376 743 omni
391 704 497 752 corporali
512 704 561 751 luci,
577 715 620 743 non
631 704 700 744 solum
713 704 791 752 iudicio

6 767 100 815 rationis,
116 768 154 808 sed
169 768 249 808 amoris
263 780 350 818 quoque
365 769 460 818 appetitu
475 770 668 818 praeposuerimus,
676 772 760 818 vquanto
770 769 791 810 id

6 833 75 881 magis
89 832 215 880 valebimus,
230 836 289 873 tanto
305 834 381 873 melius
391 834 516 881 valebimus,
528 834 598 874 donec
607 837 707 874 sanentur
717 846 792 875 omnes

6 898 121 946 languores
142 898 225 938 animae
249 901 334 939 nostrae
358 898 384 938 ab
402 899 438 938 illo
459 900 495 948 qui
518 899 623 948 propitius
644 898 668 939 iit
690 899 791 949 omnihus

7 962 153 1011 iniquitatibus
171 964 256 1003 nostris.
846 1007 848 1011 ,

59 1027 450 1084 Deoen.auLtt.xl1.ixxi,·59:
473 1028 507 1068 Sic
528 1029 590 1069 etiam
613 1030 633 1068 in
656 1029 692 1069 illo
715 1034 793 1079 genere

7 1093 180 1134 intellectualium
195 1094 299 1141 visorum,
315 1094 355 1133 alia
369 1097 418 1134 sunt
432 1106 486 1143 quae
502 1094 522 1134 in
538 1095 582 1143 ipsa
600 1095 669 1134 anima
686 1094 791 1141 videnlur,
856 1147 857 1150 Ἴ

6 1153 63 1198 'velut
78 1158 165 1198 virtutes
180 1157 258 1207 quibus
273 1159 322 1198 vitia
337 1162 500 1208 opponuntur...
517 1160 580 1199 etiam
596 1159 653 1208 ipsae
664 1154 792 1199 intellectua-

6 1224 53 1263 liter
67 1223 178 1271 videntur;
194 1235 263 1272 neque
278 1224 334 1263 enim
350 1226 385 1264 aut
400 1236 490 1273 corpora
505 1226 560 1271 sunt,
577 1227 612 1264 aut
622 1225 703 1273 species
713 1223 794 1266 habent

5 1289 86 1329 similes
101 1300 225 1338 corporum.
240 1288 304 1329 uliud
319 1291 389 1329 autem
405 1291 436 1329 est
451 1290 520 1339 ipsum
536 1290 608 1329 lumen
623 1301 667 1338 quo
678 1289 792 1332 illustratur

7 1354 85 1400 anima,
101 1356 124 1393 ut
139 1354 211 1399 omnia
226 1354 258 1394 vel
274 1355 294 1393 in
309 1366 332 1393 se
347 1354 379 1394 vel
395 1355 415 1394 in
431 1354 468 1395 illo
483 1355 584 1394 veraciter
594 1354 698 1394 intellecta
708 1355 792 1408 conspi-

6 1419 58 1459 ciat:
76 1430 125 1458 nam
141 1418 193 1459 illud
208 1420 249 1459 iam
265 1419 310 1468 ipse
321 1418 379 1459 Deus
389 1411 430 1466 est,
440 1419 492 1459 haec
502 1422 571 1459 autem
582 1422 684 1466 creatura,
695 1420 792 1468 quamvis

7 1484 114 1524 rationalis
129 1486 150 1524 et
165 1484 311 1524 intellectualis
332 1484 358 1524 ad
381 1485 426 1524 eius
448 1485 562 1533 imaginem
584 1484 645 1530 iacta,
668 1495 723 1533 quae
743 1495 791 1524 cum

6 1551 95 1589 conatur
110 1549 181 1590 lumen
197 1549 249 1589 illud
265 1549 348 1596 intueri,
364 1549 452 1598 palpitat
467 1549 588 1588 infirmitate
606 1551 626 1588 et
643 1549 791 1600 minusmalet.

6 1613 62 1655 Cum
78 1626 130 1664 ergo
146 1614 195 1655 illuc
210 1615 297 1664 rapitur,
313 1617 333 1655 et
348 1626 359 1654 a
373 1613 492 1655 carnalibus
507 1613 612 1654 subtracta
635 1613 740 1660 sensibus,
763 1613 803 1653 illi.

6 1680 82 1720 visioni
97 1680 217 1730 expressius
233 1683 384 1729 praesentatur,
400 1691 443 1719 non
458 1681 532 1729 spatiis
546 1679 657 1726 localibus,
672 1679 710 1719 sed
723 1679 791 1719 modo

6 1745 101 1794 quodam
116 1757 164 1793 suo,
180 1746 243 1786 etiam
258 1756 322 1794 supra
336 1757 359 1786 se
374 1744 430 1785 videt
446 1744 504 1791 illud,
520 1756 564 1794 quo
579 1743 649 1784 adiuta
664 1743 721 1783 videt
732 1743 792 1792 quid·

6 1810 58 1860 quid
73 1811 136 1851 etiam
152 1812 173 1851 in
188 1822 211 1869 se
226 1811 364 1860 intelligendo
379 1810 443 1850 videt.

54 1966 75 1992 a.
88 1957 201 1994 luculenter
214 1959 265 2003 patet
277 1968 301 1993 ex
314 1957 398 1994 textibus
410 1957 450 1992 iam
463 1956 522 1993 citatis
531 1957 549 1993 S.
559 1956 687 2002 nugusunum
701 1958 740 1996 non
749 1966 793 2001 pro·

6 2027 74 2053 vocare
86 2017 110 2053 ad
124 2017 170 2053 illud
184 2017 249 2053 lumen
262 2017 311 2052 sicut
323 2016 451 2062 philosophus
464 2016 568 2060 dumtaxat,
587 2015 620 2065 qui
639 2025 712 2051 merum
728 2015 793 2060 postu·

6 2076 64 2112 latum
78 2076 258 2122 epistemologicum
272 2075 360 2122 proferat,
380 2075 413 2111 sed
433 2086 476 2111 cum
492 2074 560 2110 aiiectu
574 2074 664 2120 religioso
677 2075 695 2109 et
708 2073 793 2119 mystico.

3 2126 87 2182 'Superat
99 2136 150 2172 enim
163 2137 221 2182 caput
240 2135 308 2171 mentis
321 2145 360 2171 non
373 2136 470 2181 purgatae,
489 2134 537 2180 fugit
550 2127 660 2180 amplexum
677 2132 740 2170 cordis
754 2143 793 2168 non

6 2195 87 2232 amantis
100 2197 118 2232 et
131 2195 268 2232 desiderantis:
289 2194 438 2231 «caritasnovit
450 2204 492 2229 eam
501 2208 516 2229 ».
536 2193 600 2235 Quare
613 2204 652 2229 non
668 2193 740 2233 laborat
753 2192 793 2228 eius

6 2255 87 2292 modum
100 2255 193 2301 operandi
206 2255 225 2291 in
239 2254 296 2291 nobis
309 2255 380 2301 analysi
394 2253 487 2290 subiicere
499 2253 528 2289 vel
542 2253 678 2298 psychologice
693 2252 793 2299 explicare,

6 2315 39 2351 sed
53 2315 136 2351 indicata
149 2315 269 2353 eiusnatura
282 2314 395 2359 incorporea
408 2315 426 2349 et
438 2312 587 2360 suprasensibili,
600 2312 664 2358 potius
677 2312 761 2356 hortatur
774 2313 794 2348 ut

6 2374 53 2420 quid
66 2374 89 2411 sit
102 2374 221 2421 experiendo
234 2384 381 2420 cognoscamus.
395 2374 464 2419 Neque
477 2372 526 2408 solet
538 2371 654 2417 distinguere
673 2371 794 2423 illuminatio-

6 2444 51 2470 nem
64 2434 175 2478 naturalem,
189 2444 238 2480 qnae
251 2434 276 2470 ad
289 2432 394 2480 quamlibet
406 2432 553 2468 intellectionem
566 2430 671 2476 requiritur,
686 2431 710 2467 ab
725 2430 793 2466 illumi-

6 2493 83 2530 natione
96 2493 141 2529 lidei
155 2494 174 2529 et
186 2493 262 2539 gratiae.
276 2492 335 2535 Quod
348 2494 412 2528 tamen
425 2491 506 2527 admittit
518 2490 676 2526 illuminationem
689 2490 794 2526 naturalem

6 2553 105 2599 apparebit
117 2552 202 2589 textibus
216 2552 249 2599 qui
263 2554 373 2599 sequuntur.
636 2546 639 2552 '
687 2552 688 2555 ’
