1768 2978
57 106 80 139 52
334 145 336 148 y
374 103 400 137 18.
414 122 421 127 -
435 109 461 136 oe
475 108 527 136 iners

58 224 128 264 Deum
144 224 315 264 irrationabiliter
329 223 401 263 omnia
416 222 553 262 condidisse?
570 219 636 267 Quod
651 220 668 259 si
684 221 740 259 recte
755 218 796 274 dici
812 219 844 258 vel

57 289 114 328 credi
125 301 169 329 non
180 292 257 338 potest,
270 290 332 328 restat
343 291 365 327 ut
375 288 447 327 omnia
458 287 539 326 ratione
549 286 591 325 sint
601 284 694 324 condita.
711 284 757 324 Nec
769 283 844 323 eadem

57 355 138 394 ratione
156 354 223 394 homo
241 365 282 402 qua
300 364 378 401 equus:
398 351 439 391 hoc
457 352 513 391 enim
532 350 648 390 absurdum
667 352 698 389 est
716 349 844 389 existimare.

58 418 145 467 Singula
156 419 220 467 igitur
231 418 322 467 propriis
332 420 381 457 sunt
391 419 460 456 creata
470 415 595 455 rationibus.
612 415 657 454 llas
668 416 739 454 autem
753 415 846 453 rationes

58 484 93 523 ubi
104 483 249 523 arbitrandum
261 485 293 522 est
303 494 357 529 esse,
369 482 408 521 nisi
420 482 440 520 in
452 482 578 530 ipsamente
593 480 710 520 creatoris?
724 480 774 519 Non
788 479 844 518 enim

58 551 115 588 extra
130 560 152 587 se
167 548 284 596 quidquam
300 547 392 596 positum
409 545 549 600 intueabatur,
561 548 583 585 ut
598 544 716 585 secundum
732 543 753 583 id
768 544 845 583 consti-

58 616 126 653 tueret
143 613 202 662 quod
220 612 386 652 constituebat...
405 608 491 659 [Quare]
508 623 551 650 non
569 610 639 650 solum
658 612 707 649 sunt
725 609 792 656 ideae,
808 609 846 648 sed

59 679 116 727 ipsae
127 685 190 717 verae
199 680 254 724 sunt,
267 678 316 726 quia
326 679 423 716 aeternae
433 678 489 722 sunt,
501 678 564 724 atque
575 675 680 715 eiusmodi
691 676 755 722 atque
765 675 846 713 incom-

59 743 171 782 mutabiles
182 745 277 788 manent;
294 753 383 790 quarum
395 742 557 790 participatione
570 741 594 780 fit
607 743 629 780 ut
644 741 671 780 sit
685 739 791 789 quidquid
806 741 845 786 est,

59 819 147 857 quoquo
163 807 229 847 modo
244 810 282 846 est.
299 806 340 846 Sed
351 807 421 845 anima
434 806 549 853 rationalis,
562 806 616 845 inter
630 817 665 845 eas
681 816 713 844 res
728 815 783 853 quae
798 806 847 844 sunt

59 885 70 912 a
81 872 127 912 Deo
138 873 244 919 conditae,
256 872 328 911 omnia
338 874 433 920 superat:
448 874 468 911 et
479 871 526 910 Deo
537 871 633 920 proxima
644 873 683 916 est,
695 869 782 918 quando
794 880 846 918 pura

59 941 100 984 est,
117 938 178 986 eique
189 938 209 976 in
220 939 322 986 quantum
333 937 419 976 caritate
429 936 555 983 cohaeserit,
567 937 680 975 intantum
691 935 718 974 ab
729 946 755 974 eo
766 934 846 973 lumine

59 1003 95 1042 illo
111 1002 237 1051 intelligibili
256 1002 340 1050 perfusa
357 1001 451 1050 quodam
470 1001 536 1040 modo
552 1003 572 1040 et
587 1000 696 1046 illustrata,
712 1000 786 1045 cernit,
803 1010 846 1038 non

60 1080 97 1116 per
112 1079 229 1116 corporeos
243 1067 325 1113 oculos,
337 1067 375 1106 sed
390 1078 428 1115 per
442 1067 508 1115 ipsius
523 1066 555 1105 sui
571 1065 687 1114 principale
701 1076 744 1113 quo
755 1063 845 1110 excellit,

60 1133 73 1172 i.
85 1145 104 1172 e.
117 1145 154 1181 per
169 1132 328 1181 intelligentiam
344 1144 412 1178 suam,
425 1132 474 1171 istas
489 1132 589 1177 rationes,
602 1142 643 1179 qua
659 1130 682 1169 lit
696 1130 845 1169 beatissima...

61 1194 127 1245 [Quas
142 1193 272 1244 conceditur]
290 1197 423 1245 paucissimis
438 1196 510 1236 videre
525 1196 584 1244 quod
599 1207 672 1235 verum
689 1197 727 1234 est.

108 1304 128 1329 a.
147 1295 189 1330 alia
208 1296 296 1339 excerpta
315 1295 339 1330 de
358 1294 418 1330 modo
437 1302 477 1339 quo
496 1293 636 1340 participantur,
657 1303 719 1338 supra,
739 1292 769 1336 15,
787 1291 810 1336 it,
830 1294 848 1327 et

61 1354 108 1389 infra
120 1352 155 1397 22,
170 1352 202 1390 iii.

109 1411 129 1447 b.
149 1413 200 1449 Sicut
220 1413 292 1448 Platoni
312 1412 387 1456 seniori,
402 1412 477 1457 ,placuit
496 1412 605 1457 Augustino
624 1411 677 1446 ideas
699 1421 743 1446 cum
763 1410 847 1445 numeris

61 1471 181 1516 identificare,
195 1482 234 1517 quo
247 1483 304 1507 sensu
318 1471 373 1507 refert
385 1471 431 1506 illud
445 1471 490 1516 Sap.
503 1471 528 1515 xi,
541 1472 576 1506 21;
591 1470 696 1507 «·Omnia
691 1481 709 1506 rn
728 1480 817 1505 mensura
830 1471 848 1505 et

61 1532 173 1566 numeroet
186 1531 271 1575 pondere
284 1530 411 1576 disposuisti»
404 1530 461 1565 .De
475 1530 548 1566 Ordine
562 1530 583 1574 ll,
597 1542 627 1574 xv,
640 1531 669 1572 42;
682 1530 713 1565 De
721 1529 761 1565 Lab
770 1528 816 1564 Ara.
827 1529 847 1572 ll,

62 1590 98 1634 xvi,
114 1592 148 1626 42:
164 1591 253 1626 Intuere
262 1590 336 1625 caelum
349 1591 367 1625 et
379 1592 447 1625 terram
467 1591 555 1634 etmare,
568 1591 586 1625 et
599 1600 732 1635 quaecumque
745 1589 764 1624 in
778 1588 805 1624 eis
818 1588 847 1624 vel

62 1650 144 1695 desuper
152 1650 230 1695 fulgent,
239 1650 267 1685 vel
277 1650 367 1685 deorsum
377 1652 445 1695 repunt
453 1650 481 1685 vel
495 1650 559 1685 volant
567 1650 596 1684 vel
606 1650 678 1692 natant;
691 1648 763 1684 formas
772 1648 848 1692 habent,

62 1709 106 1753 quia
119 1719 209 1744 numeros
222 1709 301 1744 hahent:
314 1709 376 1744 adime
390 1709 441 1753 haec,
455 1709 500 1744 nihil
514 1710 574 1744 erunt.
587 1708 604 1743 Α
617 1719 657 1754 quo
670 1718 716 1753 ergo
726 1709 775 1752 sunt,
788 1707 824 1742 nisi
838 1718 849 1742 a

62 1779 101 1813 quo
114 1779 213 1803 numerus:
227 1768 385 1813 quandoquidem
403 1768 422 1803 in
439 1770 512 1804 tantum
525 1768 561 1803 illis
574 1770 602 1803 est
614 1778 662 1812 esse,
675 1768 694 1803 in
708 1769 801 1813 quantum
814 1778 849 1802 nu-

63 1837 136 1862 merosa
151 1837 217 1862 esse».
232 1827 299 1872 Neque
313 1827 354 1862 sola
367 1837 448 1871 corpora
461 1828 548 1862 constant
561 1826 654 1870 numeris3
667 1826 698 1862 De
712 1826 759 1863 Gen.
774 1827 801 1862 ad
812 1826 848 1861 Lit.

64 1885 94 1929 lV,
107 1885 130 1929 iv,
143 1887 163 1921 7:
181 1899 188 1915 ⁴<
198 1885 230 1921 Est
243 1885 298 1921 etiam
312 1896 400 1921 mensura
413 1885 484 1931 aliquid
498 1886 585 1931 agendi...
598 1887 617 1921 et
629 1887 657 1921 est
665 1895 756 1921 numerus
765 1884 849 1920 affectio·

63 1954 108 1978 num
119 1944 176 1979 animi
190 1946 208 1979 et
220 1944 325 1979 virtutum...
335 1946 353 1980 et
362 1946 390 1980 est
398 1945 475 1990 pondus
484 1944 586 1980 voluntatis
595 1945 613 1980 et
621 1944 692 1980 amoris
701 1956 716 1988 »;
725 1954 775 1990 quae
784 1943 849 1979 omnia

63 2014 102 2038 non
117 2005 160 2038 sunt
175 2004 209 2039 nisi
223 2004 376 2049 participationes
395 2004 504 2040 deficientes
517 2004 596 2040 alicuius
611 2018 618 2033 ‹<
627 2014 727 2039 mensurae
740 2004 781 2039 sine
796 2014 849 2039 men·

63 2073 121 2103 surae
137 2065 154 2097 et
168 2063 258 2098 «numeri
271 2063 311 2098 sine
325 2074 428 2107 numero»,
442 2064 474 2109 qui
487 2064 506 2098 in
520 2064 563 2099 Deo
579 2065 612 2108 est,
621 2074 661 2109 qno
670 2063 776 2099 formantur
785 2063 849 2098 omnia

63 2120 114 2156 Sitne
127 2132 217 2157 numerus
230 2124 248 2157 et
261 2122 353 2167 sapientia
365 2122 422 2166 idem,
436 2122 458 2158 cf.
472 2123 503 2158 De
514 2123 555 2158 Lib.
568 2123 614 2159 Ara.
628 2123 649 2167 ll,
663 2123 687 2158 xi.

112 2189 130 2214 c.
151 2180 211 2224 ldeae,
230 2181 269 2216 sive
288 2181 361 2217 numeri
374 2181 451 2225 ideales,
464 2183 508 2217 sunt
520 2182 562 2228 ipsa
576 2181 611 2217 Dei
624 2181 722 2227 sapientia,
736 2182 777 2227 ipse
790 2181 849 2218 Deus.

63 2238 93 2275 De
105 2239 144 2275 Lib.
157 2239 203 2276 Arb.
217 2240 238 2284 ll,
252 2240 289 2285 xvi,
302 2241 337 2277 42:
351 2241 490 2277 «Transcende
503 2252 549 2288 ergo
562 2240 605 2287 [ista
624 2240 696 2287 omnia]
715 2243 736 2277 ut
748 2252 849 2278 numerum

63 2299 198 2344 sempiternum
211 2300 287 2335 videas:
307 2300 345 2336 iam
358 2301 391 2336 tibi
405 2301 497 2347 sapientia
510 2302 552 2337 de
547 2312 589 2347 ipsa
601 2302 690 2338 interiore
703 2302 749 2337 sede
763 2301 850 2347 fulgebit,

64 2359 81 2393 et
94 2358 135 2393 de
130 2369 172 2404 rpso
186 2360 285 2395 secretario
299 2360 369 2396 venta
365 2371 403 2396 rs>
417 2360 447 2396 De
461 2361 508 2397 Gen.
521 2362 548 2397 ad
559 2361 595 2397 Lit.
609 2362 657 2406 lV‚'
652 2362 702 2406 rii,7
710 2361 788 2398 :‹Sed
802 2372 849 2407 quo·

64 2419 122 2453 modo
141 2419 172 2453 illa
191 2419 247 2464 ipse?
267 2420 335 2465 Neque
354 2421 404 2456 enirn
424 2421 477 2456 Deus
496 2432 585 2457 mensura
603 2423 636 2466 est,
656 2424 687 2458 aut
706 2433 803 2466 numerus,
818 2424 850 2457 aut

64 2478 146 2522 pondus,
159 2480 191 2514 aut
204 2478 238 2514 ista
251 2479 321 2515 omnia.
340 2479 370 2515 lin
385 2480 491 2516 secundum
505 2481 524 2516 id
537 2482 590 2526 quod
604 2481 693 2517 novimus
709 2492 817 2518 mensuram
831 2481 849 2516 in

64 2537 91 2572 eis
105 2548 153 2583 quae
167 2538 260 2583 metimur,
280 2541 297 2574 et
317 2550 417 2575 numerum
431 2540 449 2575 in
463 2540 490 2575 eis
503 2551 553 2585 quae
566 2551 694 2586 numeramus,
710 2543 728 2577 et
742 2542 818 2587 pondus
831 2542 850 2577 in

64 2596 90 2633 cis
104 2607 152 2643 quae
166 2597 299 2643 appendimus,
309 2609 348 2634 non
362 2601 390 2634 est
398 2598 452 2635 Deus
465 2599 510 2644 ista;
524 2600 630 2636 secundum
644 2600 662 2636 id
676 2611 721 2637 vero
735 2601 788 2647 quod
798 2612 850 2637 men·
