1768 2978
80 103 104 139 34
221 106 248 140 10.
261 110 368 141 ⁴“PENlTUS
381 112 426 140 ESSE
439 113 482 140 lSTA
495 108 727 140 scusrssicin‘rudlfiubn

80 221 105 269 iv,
117 223 137 260 l:
152 237 160 253 ‹<
169 219 238 261 Anima
250 233 295 259 vero
308 220 351 263 istis,
360 231 409 269 quae
419 231 459 268 per
475 230 545 268 corpus
564 217 631 267 accipit
650 216 733 255 carendo
752 215 777 260 iit
792 216 865 265 melior,

81 294 125 319 cum
138 294 180 318 sese
193 283 258 319 avertit
270 293 282 318 a
293 282 506 327 carnalibus—sensibus,
520 284 539 317 et
550 279 736 332 divinis-sapientiae
744 280 829 316 numeris
838 292 866 316 re-

80 341 173 376 formatur
181 354 188 370 »
203 340 240 384 (Ci.
252 341 326 379 Retrac.
339 341 390 384 l,·ix,
403 340 428 383 2).
440 341 471 375 De
486 340 533 375 Vara
545 340 585 378 Ral.
598 339 662 381 xxxiv,
682 338 715 373 64:
736 337 771 373 «Ο
790 339 866 374 animae

82 399 195 448 pervicaces,
208 399 251 436 date
265 398 310 436 mihi
323 398 355 446 qui
368 398 435 434 videat
442 397 488 436 sine.
497 397 534 433 ulla
547 395 683 443 imaginatione
697 396 782 431 visorum
801 406 865 432 carna·

82 462 146 499 lium...
160 462 208 497 Date
221 461 267 497 mihi
280 449 313 507 qui
328 461 401 497 resistat
414 459 545 504 sensibus‘et
563 459 624 505 plagis
643 458 713 509 qulbus
732 469 766 505 per
784 457 827 496 illos
846 459 865 496 in

82 511 145 556 'anima
157 520 252 565 vapulavit
287 521 319 554 De
333 520 383 555 nin.
395 520 444 562 vui,
457 520 475 562 u,
488 521 509 555 3:
524 509 589 554 «rete
602 519 650 569 nae,
664 519 678 553 si
694 519 755 562 potes,
770 530 783 554 ο
802 519 866 555 amna

82 580 204 624 praegravata
216 588 296 622 corpore
309 577 362 622 quod
375 576 501 621 corrumpitur
513 576 550 621 (Cf.
563 576 608 620 Sap.
621 576 646 620 ix,
662 575 698 619 15),
713 577 732 611 et
746 578 816 611 onusta
829 570 864 613 ter-

82 638 132 676 renis
145 637 291 684 cogitationibus
305 635 368 674 multis
381 639 399 674 et
410 635 475 673 variis:
489 645 532 673 ecce
544 633 594 682 vide,
607 633 622 673 si
641 636 705 683 potes:
724 633 778 673 Deus
797 634 865 674 veritas

82 700 110 734 est
118 713 133 733 a.
146 699 177 733 De
190 698 229 734 civ.
242 689 281 732 Dei
292 697 341 740 XIX,
350 696 404 732 xviii:
413 696 507 732 habemus
518 692 610 731 «etiamsi
616 706 699 741 parvam,
708 698 786 742 propter
792 688 865 743 corpus

82 755 209 800 corruptibile,
222 755 275 799 quod
290 756 379 799 aggravat
397 755 505 789 animam...
516 756 580 789 tamen
599 754 724 789 certissimam
742 754 841 790 scientiam
850 769 865 790 r.

130 822 149 849 c.
162 813 224 850 Locus
237 813 303 848 citatus
312 823 336 848 ex
345 811 455 858 soliloquiis
468 810 489 857 (l,
502 810 541 856 xiv)
551 812 623 848 redolet
632 812 738 857 Platonem.
747 809 799 847 Alias
808 812 865 848 etiam

82 876 208 922 approbando
222 875 300 921 exponit
309 874 413 911 doctrinam
423 873 506 921 Platonis
520 873 544 910 dc
556 872 602 920 iuga
614 885 625 910 a
637 872 768 918 sensibilibus3
782 885 799 911 ν.
808 884 827 921 g.
835 873 867 911 De

85 936 132 971 Vera
144 935 185 975 Ral.
198 934 223 978 iii,
235 935 252 969 3.
265 934 303 969 Sed
316 934 367 969 dicto
379 934 405 968 illi
420 934 511 978 «penitus
527 944 568 969 esse
587 934 622 969 ista
640 934 737 970 sensibilia
755 934 865 980 fugienda»

82 992 131 1027 hanc
143 994 208 1026 notam
221 992 301 1036 apponit
313 992 331 1026 in
344 992 425 1030 Retract.
438 991 451 1034 Ι,
464 991 487 1034 ἰν,
500 992 521 1026 2:
536 991 664 1027 «Cavendum
676 992 711 1027 mir
723 1003 747 1027 ne
756 994 866 1036 putaremur

82 1049 133 1088 illam
143 1049 241 1098 Porphyrii
250 1048 291 1086 falsi
301 1048 410 1097 philosophi
419 1050 483 1086 tenere
491 1049 610 1093 sententiam,
619 1059 657 1096 qua
666 1049 719 1086 dixit:
728 1060 786 1086 omne
795 1041 865 1097 corpus

83 1123 124 1149 esse
136 1112 255 1158 fugiendum.
269 1112 314 1147 Non
327 1113 390 1147 aulem
403 1110 442 1147 dixi
455 1121 501 1156 ego:
515 1111 580 1148 omnia
592 1111 694 1157 sensibilia,
708 1112 742 1149 sed
757 1112 800 1157 istu,
815 1112 834 1149 h.
849 1124 865 1150 e.

82 1171 216 1215 corruptibilia.
229 1171 266 1205 Sed
280 1172 317 1205 hoc
329 1170 393 1214 potius
406 1170 508 1206 dicendum
521 1171 564 1206 iuit:
577 1171 623 1206 Non
636 1173 699 1207 autern
712 1172 756 1207 talia
768 1173 866 1208 sensibilia

82 1228 144 1262 iutura
157 1230 200 1262 sunt
212 1228 232 1262 in
244 1227 301 1262 futuri
314 1227 384 1262 saeculi
396 1228 449 1262 caelo
462 1238 514 1262 novo
527 1230 545 1263 et
557 1230 606 1263 terra
618 1238 690 1263 nova».
699 1229 721 1263 Α.
731 1240 808 1274 semper
816 1230 865 1265 altir-

82 1285 140 1324 navit
152 1295 221 1334 corpus
234 1295 276 1323 esse
288 1284 367 1329 bonurn,
376 1284 463 1333 quamvis
471 1284 564 1332 intimum;
573 1285 618 1333 quia
627 1287 655 1325 est
663 1286 735 1334 aliquid
744 1287 763 1323 in
772 1289 865 1335 quantum

79 1348 181 1394 participat
193 1347 268 1383 divinos
281 1358 371 1383 numeros
383 1347 423 1383 sive
432 1347 493 1384 ideas.
507 1347 530 1384 Et
542 1345 561 1384 in
576 1347 667 1393 operibus
682 1338 826 1395 posterioribus,
845 1352 866 1386 ut

83 1407 172 1441 defendat
184 1407 256 1451 dogma
264 1406 288 1441 de
298 1396 433 1441 resurrectione
442 1417 551 1451 corporum,
560 1407 663 1452 distinguit,
673 1407 711 1452 (Da
720 1408 760 1444 civ.
769 1409 809 1445 Dei
816 1410 865 1453 Xlll,

38 1472 46 1498 .·
82 1463 127 1507 xvii:
141 1477 149 1492 «
158 1474 198 1498 non
207 1473 276 1506 corpus
285 1473 327 1498 esse
335 1463 409 1498 animae
418 1464 452 1498 sed
461 1464 582 1508 corruptibile
591 1474 660 1509 corpus
670 1476 773 1501 onerosum
780 1479 795 1509 »;
804 1467 865 1502 immo

83 1521 162 1560 admittit
174 1520 257 1559 animam
270 1520 416 1569 quodammodo
429 1530 509 1568 corpore
523 1521 614 1569 indigere,
629 1521 660 1559 De
674 1523 722 1560 den.
737 1523 765 1561 ad
775 1524 811 1561 Lit.
824 1524 865 1571 Xll,

83 1595 140 1628 xxxv,
153 1584 185 1620 68:
200 1584 255 1620 «sive
267 1584 312 1620 ideo
325 1584 369 1629 quia
382 1584 430 1620 inest
445 1576 462 1620 ei
476 1584 566 1620 naturalis
584 1585 662 1630 quidam
682 1587 776 1633 appetitus
795 1597 865 1633 corpus

83 1642 233 1685 administrandi3
247 1652 287 1687 quo
300 1643 383 1687 appetitu
397 1643 500 1678 retardatur
508 1643 655 1688 quodammodo
668 1656 692 1680 ne
707 1648 746 1682 tota
760 1646 866 1682 intentione

32 1697 33 1700 ’
83 1701 149 1744 pergat
161 1700 180 1734 in
193 1700 246 1734 illum
259 1710 356 1734 summum
369 1700 448 1743 caelum,
462 1701 553 1744 quamdiu
573 1712 612 1736 non
632 1703 698 1738 subest
716 1713 792 1748 corpus,
811 1705 866 1740 cuius

83 1757 245 1794 administratione
258 1757 352 1805 appetitus
364 1757 395 1794 ille
410 1758 556 1805 conquiescat».
589 1752 598 1790 s
629 1756 631 1759 ’

67 1845 69 1848 -
131 1817 152 1854 d.
166 1819 235 1865 Neque
248 1820 285 1856 hoc
298 1819 450 1856 obliviscendum
459 1821 497 1856 est:
506 1821 612 1867 corporalia
621 1823 639 1858 et
647 1822 743 1860 sensibilia
752 1824 866 1862 constituere

83 1879 164 1923 gradum
177 1889 217 1923 quo
230 1879 254 1914 ad
266 1878 391 1923 intelligibilia
400 1879 535 1923 ascendamus;
548 1892 565 1915 v.
574 1892 592 1926 g.
602 1882 632 1917 [ie
639 1882 692 1918 Mus.
701 1883 732 1927 Vl,
741 1884 753 1928 i,
761 1878 843 1928 13'80u'l.
853 1885 866 1929 l,

84 1935 122 1978 xiii,
134 1936 167 1978 253
180 1938 198 1970 et
210 1936 287 1980 passim
333 1949 336 1952 ·
