1768 2978
269 56 287 92 -7,
299 75 307 83 ·
320 64 346 92 oe
359 65 441 95 visione
454 67 570 99 coxcoaxcr
789 61 812 97 23

26 181 50 219 ad
62 178 157 216 visionem
170 175 287 222 spiritualem
300 176 368 213 dicitur
380 178 479 223 pertinere.
492 180 563 226 Utique
578 181 698 228 «corporalis
710 182 758 218 visio
771 183 812 230 sine

27 237 118 289 spirituali
130 246 226 273 essenon
245 237 323 282 potest»
338 235 377 282 (De
389 238 437 275 Gen.
449 239 477 276 ad
487 239 524 277 Lit.
537 240 578 285 XII,
590 241 642 286 xxiv,
650 239 691 287 51),
706 255 714 271 ‹<
722 252 767 278 cum
781 243 813 279 ali-

27 300 73 349 quid
86 297 147 335 oculis
160 296 247 341 cernitur,
260 297 352 333 continuo
365 298 386 333 tit
398 298 463 345 imago
483 299 523 335 eius
536 300 555 336 in
568 301 651 347 spiritu»
665 299 721 346 (Ibid.
733 302 759 347 xi,
772 302 813 348 22),

27 360 60 399 sed
73 357 120 406 quid
133 358 183 393 esset
195 356 241 392 illud
257 370 265 386 «
273 356 423 409 oculisvcemere
431 372 447 404 a,
459 359 534 396 sublata
545 360 629 406 imagine
641 360 660 396 in
673 361 753 407 spiritu?

74 427 94 453 c.
108 416 154 454 Non
166 415 276 452 immediate
289 416 328 462 agit
340 417 403 453 anima
413 418 432 454 in
441 428 511 464 corpus
524 419 626 456 humidum
639 422 657 457 et
669 421 770 465 terrenum,
779 421 813 458 sed

27 477 155 517 mediantibus
168 475 267 512 elementis
279 476 419 522 subtilioribus3
432 478 462 514 De
476 479 523 515 Oen.
532 479 559 515 ad
570 479 606 515 Lr't.
619 479 650 523 Ill,
662 490 680 524 v,
693 480 713 515 7:
728 494 736 509 r
745 480 814 516 Anima
845 469 847 471 ¹

26 542 96 581 tamen,
108 547 153 572 cum
166 546 259 582 corporea
272 546 311 571 non
324 535 359 588 sit,
373 547 407 582 per
418 537 506 573 subtilius
521 548 591 584 corpus
603 539 661 584 agitat
673 539 759 585 vigorem
772 550 814 575 sen·

26 597 91 635 tiendi.
104 595 184 633 Inchoat
196 595 260 640 itaque
271 596 345 631 motum
354 595 373 631 in
382 596 472 632 omnibus
485 597 573 634 sensibus
582 609 593 634 a
602 597 704 634 subtilitate
715 598 771 644 ignis,
780 599 814 635 sed

27 668 66 695 non
79 656 99 692 in
109 654 204 691 omnibus
216 654 241 691 ad
253 654 306 691 idem
318 656 426 700 pervenit».
439 656 487 692 Ibid.
500 657 540 701 Vll,
553 657 592 702 xix,
600 658 634 693 25:
648 670 657 687 ι
665 657 701 693 Per
714 658 776 694 lucem
788 659 814 694 ta·

27 728 71 754 men
84 717 103 752 et
115 724 197 751 aerem...
215 716 307 761 tanquam
326 725 360 761 per
379 725 401 751 ea
420 726 469 760 quae
487 716 554 762 spiritu
573 716 663 753 similiora
682 719 732 761 sunt,
745 727 815 762 corpus

28 774 169 812 administrat».
181 772 230 809 Ibid.
239 773 280 818 XII,
292 773 330 819 xvi,
339 774 368 809 32.
381 773 411 809 De
424 774 510 820 quinque
524 775 612 811 sensibus
625 777 644 812 et
656 775 681 811 de
693 775 815 812 sensibilibus

27 832 169 877 communibus,
183 832 206 867 ci.
219 832 251 868 De
262 832 303 868 Lr‘b.
315 832 362 869 Arb.
375 833 397 878 ll,
410 833 435 877 iii,
448 834 465 870 8.
479 834 528 872 lnter
543 844 611 870 omnes
624 835 694 870 eminet
712 835 769 879 visus,
782 834 815 880 qui

29 904 66 930 «se
78 892 130 939 toras
142 891 228 937 porrigit,
240 893 259 927 et
272 902 306 937 per
318 892 387 928 oculos
405 893 473 929 emicat
492 893 568 938 longius
581 903 734 939 quaquaversum
753 895 816 939 potest

28 953 106 989 lustrare
125 951 179 997 quod
198 950 310 987 cemimus»
324 951 355 987 Da
369 951 439 995 Quunt.
452 951 489 987 Ᾱιι.
507 952 559 997 xxiii,
571 951 612 997 43);
626 952 677 988 oculi
695 953 746 988 enim
764 952 816 988 foras

29 1011 116 1047 emittunt
128 1009 193 1046 radios
206 1009 260 1053 lucis,
273 995 401 1046 mediantibus
407 1010 480 1055 quibus
493 1010 557 1046 anima
569 1010 620 1047 videt
631 1011 705 1047 obiecta
718 1011 741 1047 ab
755 1011 816 1047 oculis

29 1068 122 1106 distantia.
135 1068 167 1104 De
179 1068 227 1104 Gen.
240 1068 268 1104 ad
279 1068 315 1104 Lit.
329 1069 342 1112 l,
355 1068 393 1112 xvi,
405 1069 438 1112 31;
452 1068 482 1114 IV,
495 1069 560 1113 xxxiv,
573 1070 606 1113 54,
618 1069 649 1105 De
663 1069 714 1105 Trin.
727 1070 758 1114 IX,
771 1069 816 1129 iii‚3

29 1128 47 1174 (ι
55 1127 109 1175 quod
122 1127 246 1164 subtilissime
261 1126 437 1173 obscurissimeque
450 1128 562 1164 disseritur»
555 1127 578 1173 ι.)

76 1185 97 1223 d.
105 1186 162 1223 Locis
169 1186 229 1223 citatis
236 1188 287 1233 patet
296 1186 425 1232 Augustinum
435 1187 494 1223 modo
503 1187 564 1234 magis
574 1187 672 1224 Platonico
679 1198 737 1234 quam
745 1188 815 1224 Aristo·

28 1247 84 1284 telico
97 1247 199 1294 concipere
211 1246 293 1283 modum
306 1246 383 1283 unionis
395 1246 471 1283 animae
479 1248 498 1283 et
506 1247 591 1294 corporis
600 1258 658 1294 quem
668 1247 709 1294 ipse
718 1247 775 1294 proiit
775 1250 816 1284 etur

29 1319 71 1345 esse
85 1322 93 1339 κ
102 1308 183 1345 οιιιιιῑιιο
192 1307 268 1352 mirum,
276 1318 312 1343 nec
321 1307 459 1353 comprehendi
468 1307 492 1344 ab
502 1308 580 1344 homine
592 1319 650 1354 posse
658 1322 666 1338 ι
676 1307 715 1353 (De
724 1307 764 1345 Civ.
772 1307 815 1353 Dei,

29 1369 79 1414 XXI,
92 1380 110 1414 x,
124 1367 148 1414 1).
161 1367 218 1405 Certe
231 1367 341 1414 aggreditur
359 1367 469 1404 Platonicos
488 1368 572 1405 dicentes
584 1379 650 1404 verum
663 1368 761 1404 hominem
774 1379 815 1404 esse

29 1428 90 1464 solam
103 1428 193 1472 animam,
204 1438 276 1474 corpus
289 1428 367 1464 veroin
380 1438 401 1463 se
414 1428 485 1464 malum
498 1438 546 1465 esse.
561 1442 569 1457 a
577 1428 622 1464 Non
635 1430 686 1464 totus
699 1428 764 1472 homo,
781 1428 815 1464 sed

29 1498 72 1533 pars
91 1487 159 1524 melior
177 1487 261 1524 hominis
275 1488 303 1523 est
315 1486 394 1523 anima»
409 1486 448 1533 (De
461 1487 501 1523 Civ.
514 1487 557 1531 Dei,
570 1487 619 1532 Xlll,
632 1487 690 1532 xxiv).
707 1487 815 1533 «Quisquis

29 1558 75 1593 ergo
84 1558 96 1583 a
104 1549 170 1583 natura
183 1547 267 1583 humana
276 1557 346 1593 corpus
359 1546 441 1583 alienare
449 1547 494 1591 vult,
504 1546 573 1592 desipit
580 1560 588 1576 a
598 1546 629 1583 De
637 1546 674 1583 Ᾱη.
685 1549 703 1583 et
710 1547 751 1583 eius
761 1547 815 1592 Orig.

30 1607 60 1651 lV,
73 1606 91 1652 ii,
104 1608 121 1643 3.
130 1607 154 1643 Et
162 1606 181 1643 in
190 1607 221 1643 De
231 1606 282 1643 Tria.
291 1606 332 1651 XV,
340 1606 371 1651 vii,
382 1607 409 1650 ll,
418 1605 510 1652 proponit
522 1606 653 1642 definitionem
666 1606 749 1642 hominis
760 1606 816 1653 plane

30 1666 183 1712 Peripateticam:
199 1666 283 1702 «Homo
296 1668 325 1702 est
337 1666 443 1702 substantia
462 1665 559 1702 rationalis
578 1668 667 1702 constans
680 1676 704 1702 ex
717 1666 780 1702 anima
798 1667 817 1701 et

30 1736 128 1772 corpore».
135 1725 223 1762 Attamen
233 1725 289 1761 reteri
295 1726 336 1762 sine
343 1726 435 1762 scandalo
443 1725 551 1762 locutiones
557 1725 598 1761 illas
605 1725 712 1762 Platonicas
721 1725 745 1761 de
754 1725 817 1771 equite

29 1785 49 1822 in
62 1796 119 1832 equo,
132 1785 157 1822 de
169 1785 297 1832 gubernatore
307 1788 325 1821 et
333 1785 382 1830 navi,
396 1785 420 1822 de
433 1785 499 1831 auriga
511 1787 529 1821 et
542 1785 597 1831 bigis,
610 1785 634 1822 de
649 1784 727 1821 homine
736 1786 754 1821 et
762 1785 817 1821 indu·

30 1847 101 1890 mento,
110 1845 135 1882 de
143 1845 226 1881 domina
239 1847 258 1881 et
269 1855 334 1889 serv03
348 1845 412 1881 anima
424 1844 498 1891 (utique
511 1844 572 1890 lapsa)
585 1846 719 1891 praegravatur
731 1855 817 1890 corpore,

30 1907 119 1942 oneratur
132 1905 244 1941 mortalibus
253 1905 354 1949 membris3
363 1915 434 1950 corpus
447 1898 570 1949 administrat,
580 1905 633 1950 regit,
642 1905 702 1949 ornat,
712 1914 774 1950 eoque
783 1904 817 1940 uti·

29 1964 68 2008 tur;
82 1965 171 2000 delinitur
184 1964 260 2000 animus
274 1963 398 2000 «substantia
416 1963 511 2009 quaedam
530 1963 603 1999 ratione
620 1963 719 2008 particeps,
733 1962 818 2008 regendo

30 2022 106 2068 corpori
118 2022 261 2059 accomodata»
275 2023 306 2059 De
314 2022 384 2068 Quant.
397 2022 435 2058 An.
448 2022 486 2067 xiii,
495 2020 536 2066 22);
545 2023 563 2058 et
571 2022 631 2058 lromo
645 2022 726 2057 «anima
738 2022 818 2057 rationa-

30 2079 58 2125 lis,
71 2082 146 2118 mortali
159 2083 304 2128 atqueterreno
317 2084 372 2118 utens
385 2092 482 2127 corpore»
496 2080 536 2126 (De
546 2081 598 2117 Mor.
611 2081 660 2117 Eccl.
673 2080 728 2117 Cata.
738 2080 751 2125 l,
760 2080 818 2125 xxvii,

31 2137 67 2183 52),
75 2140 104 2176 vel
114 2140 172 2177 etiam
182 2155 190 2170 κ
198 2140 262 2177 anima
270 2140 367 2176 rationalis
376 2139 449 2176 habens
458 2149 528 2184 corpus
535 2153 542 2168 »
553 2137 583 2184 (In
594 2139 647 2175 loun.
656 2138 716 2175 Evan.
725 2139 774 2183 XIX,
783 2138 818 2183 15).

66 2287 116 2327 iv.
132 2276 303 2340 Dependentia
317 2298 332 2327 a
347 2286 473 2340 memoria.
483 2289 518 2328 De
526 2289 587 2328 Mus
597 2288 634 2336 Vl
645 2289 689 2335 viii,
699 2290 737 2328 21:
749 2284 818 2328 lnau-

32 2353 109 2395 dienda
123 2356 195 2414 itaque
209 2356 243 2396 vel
257 2355 383 2396 brevissima
397 2353 484 2403 syllaba,
497 2354 537 2393 nisi
552 2354 656 2393 memoria
666 2364 711 2395 nos
725 2353 818 2403 adiuvet

31 2420 54 2457 ut
64 2430 90 2459 eo
100 2423 213 2461 momento
227 2420 331 2469 temporis
345 2430 401 2468 quo
404 2419 446 2458 iam
461 2429 504 2458 ιιοιι
520 2418 602 2458 initium
613 2417 651 2457 sed
664 2417 712 2457 linis
726 2417 819 2468 syllabae

32 2486 101 2531 sonat
116 2488 202 2526 maneat
216 2485 251 2526 ille
265 2485 357 2525 motus'
352 2495 373 2523 ιιι
388 2484 460 2524 animo
475 2483 511 2531 qui
532 2482 600 2529 iactus
614 2484 646 2522 est
664 2493 713 2521 cum
735 2482 818 2522 initium

32 2545 101 2594 ipsum
116 2551 197 2605 sonuit,
210 2549 262 2590 nihil
277 2561 317 2589 nos
332 2548 417 2588 audisse
431 2558 546 2596 possumus
557 2546 639 2586 dicere.
651 2546 707 2586 Hinc
721 2549 753 2587 est
767 2546 819 2585 illud
