1768 2978
119 419 240 465 TABULA
256 420 507 467 CHRONOLOGlCA
523 422 699 468 BREVlSSlMA

14 704 49 740 354
62 702 124 739 Natus
137 702 244 749 Thagastae
256 702 275 739 in
291 702 387 739 Numidia.

13 765 49 800 370
62 762 198 808 Carthaginem
210 763 243 798 ivit
255 763 362 799 studiorum
376 774 439 799 causa.
453 764 522 799 Postea
535 764 648 800 rhetoricam
661 764 687 800 ibi
700 764 771 801 docuit.

14 824 49 860 373
62 823 120 859 Lecto
134 822 239 859 Hortensio
253 821 357 867 Ciceronis,
366 823 451 859 animum
464 823 488 859 ad
502 823 645 870 philosophiam
658 825 756 861 convertit.
769 825 803 860 La-

86 882 136 918 bitur
148 882 167 917 in
180 882 360 927 Manichaeismum,
377 882 407 918 cui
420 884 482 919 sectae
495 894 529 929 per
541 884 553 920 9
565 894 627 919 annos
640 884 760 920 adhaerebat.

14 943 49 979 383
62 942 144 981 Romam
156 942 212 987 venit,
226 941 339 978 rhetoricam
353 942 449 978 docturus.
463 942 557 981 Periodus
570 942 658 988 sceptica.

14 1003 49 1038 383
61 1002 196 1038 Mediolanum
209 1001 305 1047 proiectus
323 1003 356 1045 est,
373 1001 439 1047 ibique
456 1002 568 1038 rhetoricam
586 1002 657 1038 docuit.
675 1002 728 1048 Legit
744 1003 803 1038 libros

85 1061 229 1098 Platonicorum
242 1072 292 1107 quos
305 1071 423 1107 magnopere
438 1061 541 1097 admiratus
555 1064 588 1098 est.

13 1121 49 1158 386
63 1120 198 1158 «Conversio»
213 1121 260 1168 eius.
273 1122 294 1157 In
307 1131 350 1156 rure
363 1120 473 1157 Cassiciaco
485 1121 560 1167 scripsit
572 1122 638 1166 statim,
647 1124 715 1168 postea
727 1122 764 1168 (vel
775 1122 803 1158 in·

86 1179 152 1227 cepio:
167 1181 240 1218 Contra
252 1180 376 1217 Academicos
389 1181 416 1226 iii,
425 1181 456 1217 De
467 1182 528 1218 Beata
539 1182 588 1226 Vita,
596 1181 627 1217 De
641 1182 714 1219 Ordine
726 1182 745 1227 ii,
755 1182 803 1219 Soli·

85 1240 151 1287 loauia
164 1240 183 1286 ii,
198 1241 229 1277 De
241 1240 386 1277 Immortalitate
397 1240 485 1286 Animae,
498 1241 529 1277 De
540 1241 618 1278 Musica
631 1242 654 1287 vi,
667 1242 764 1287 Epistulas
777 1242 804 1278 ad

85 1300 199 1351 Nebridium
212 1299 313 1346 (386-390).

13 1362 49 1398 387
62 1354 170 1407 Baptizatus
183 1360 296 1397 Mediolano
310 1371 321 1396 a
333 1360 351 1396 S.
361 1360 471 1397 Ambrosio.
481 1361 561 1400 Romam
574 1371 619 1396 cum
631 1361 718 1405 venisset,
728 1362 803 1397 mortua

11 1417 12 1420 ’
85 1422 114 1457 est
126 1421 186 1457 mater
198 1419 278 1456 Monica
290 1419 370 1466 (Ostiae,
383 1419 432 1465 387),
446 1420 508 1460 Rediit
520 1420 539 1455 in
552 1420 641 1465 Africam,
654 1422 695 1456 388.

13 1481 46 1517 391
62 1480 155 1517 Sacerdos
169 1480 273 1516 ordinatus.
287 1480 352 1525 Opera
364 1480 434 1525 scripta
448 1482 492 1526 post
508 1480 603 1525 baptisma
620 1482 638 1516 et
655 1481 698 1516 ante
715 1480 802 1516 sacerdo-

84 1540 142 1576 tium:
154 1539 186 1576 De
198 1539 310 1584 Quantitate
321 1538 409 1583 Animae,
421 1539 452 1575 De
464 1538 553 1575 Moribus
564 1539 614 1575 Ecct.
626 1539 682 1576 Cath.
694 1539 713 1575 et
724 1540 747 1575 de
759 1539 802 1575 Mo·

84 1599 138 1635 ribus
143 1598 303 1635 Manichaeorum
316 1598 335 1643 ii,
344 1598 375 1635 De
384 1599 455 1635 Genesi
462 1599 527 1635 eontra
536 1591 662 1635 Manichaeas
671 1598 690 1643 ii,
698 1598 802 1634 DeLiliera

84 1658 170 1695 Arbitrio
183 1658 206 1695 iii
217 1657 318 1704 (388-395),
330 1658 362 1695 De
373 1658 477 1704 Magistro,
490 1659 521 1694 De
530 1658 578 1695 Vera
590 1657 659 1705 Relrg„
673 1658 704 1694 De
715 1658 803 1694 Diversis

87 1717 236 1763 Quaesiianibus
249 1719 275 1754 83
287 1716 388 1763 (389-396).

13 1777 49 1814 396
61 1777 170 1824 Episcopus
183 1780 305 1814 consecratus
319 1777 416 1823 Hipponis
430 1777 488 1823 Regii.
501 1777 566 1823 Opera
578 1772 648 1823 scripta
660 1777 684 1813 ab
693 1776 716 1812 A.
725 1777 802 1823 presby·

84 1831 179 1874 teroiDe
193 1837 281 1874 Utilitate
294 1837 393 1881 Credendi
406 1837 437 1873 De
448 1837 532 1873 Duabus
544 1836 657 1881 Animulas,
670 1837 701 1873 De
714 1837 762 1874 Oen.
777 1836 804 1872 ad

84 1897 120 1933 Lit.
134 1896 182 1933 liber
193 1897 268 1943 imperf.

13 1957 49 1992 412
61 1956 91 1993 ah
105 1967 156 1993 anno
169 1958 205 1994 396
218 1957 242 1992 ad
255 1958 291 1993 412
303 1967 336 2001 cc,
345 1957 486 1993 controversiae
499 1958 564 1993 contra
577 1956 702 1992 Manichaeos
711 1958 729 1992 et
738 1956 803 1992 Dona-

84 2017 143 2053 tistas
156 2017 244 2063 Scripta:
251 2016 283 2052 De
294 2016 388 2052 Doctrina
398 2015 509 2052 Christiana
519 2016 542 2060 ia,
552 2012 688 2060 Confessiones
700 2015 735 2051 xiii
746 2014 803 2061 (400),

84 2076 116 2112 De
130 2075 222 2113 Trinitate
233 2087 257 2112 rr
269 2074 370 2122 (400416),
387 2076 418 2111 De
435 2075 507 2111 Genesi
522 2076 549 2112 ad
560 2076 650 2112 Litterom
663 2075 691 2111 xii
703 2073 803 2120 (401-415),

84 2135 183 2181 Epistolae
194 2136 222 2172 ad
232 2135 348 2172 Dioscarum
361 2136 380 2171 ei
391 2135 419 2171 ad
431 2134 554 2172 Consentiam
567 2133 623 2181 (410).

13 2194 49 2230 439
61 2194 151 2231 Mortuus
164 2193 263 2241 Hippone.
272 2195 361 2231 412-438ε
370 2194 517 2231 Controversiae
526 2194 646 2240 Pelagianae.
655 2194 737 2240 Scripta:
750 2194 803 2239 Epis¹

84 2254 142 2291 crlrii
153 2255 180 2290 ad
191 2254 295 2291 Paulinam
308 2254 332 2290 de
345 2254 425 2290 ridendo
437 2254 479 2290 Deo
499 2253 555 2299 (413),
574 2254 605 2289 De
622 2253 704 2290 Ciuitate
715 2253 755 2289 Dei
765 2253 806 2289 xxii

69 2337 71 2340 v
85 2313 186 2360 (415-426),
195 2315 217 2350 In
230 2314 310 2350 loannis
322 2314 396 2360 Erong.
406 2314 499 2349 tractatas
510 2313 563 2349 cxxiv
576 2312 676 2358 (416417),
689 2313 721 2348 De
732 2313 804 2349 Anima

85 2374 155 2410 eteius
170 2373 251 2419 Origine
263 2374 278 2409 ii
290 2372 346 2418 (420),
366 2372 491 2409 Encnirielion
507 2371 564 2417 (421),
582 2364 732 2412 Retractationes
747 2371 804 2417 (427).

61 2469 86 2505 N.
98 2468 173 2506 Tabula
185 2469 324 2514 chronologica
337 2468 433 2514 completa
446 2478 527 2514 operum
540 2467 642 2513 Augustini
655 2468 763 2503 constructa
776 2469 804 2503 est

13 2537 24 2562 a
37 2527 148 2573 Romani,
161 2527 212 2565 Dict.
225 2528 249 2564 de
261 2528 316 2564 tne'al.
329 2525 500 2573 catn.,'Aagusnn‚
513 2527 549 2562 col.
562 2527 671 2562 2311-2314.
701 2546 706 2552 ·
