1768 2978
32 112 34 114 v
55 92 79 127 48
111 90 139 126 16.
151 106 158 117 ’-
171 98 225 127 5υιιι
237 97 302 128 sunan
315 96 396 125 rieures
408 95 504 132 uosrnns,
517 94 543 124 ΑΒ
556 92 605 126 11³er
618 91 787 129 ιιιιιιῑιειιιιειιιιι

105 206 126 243 b.
138 208 170 245 De
181 208 229 245 Diu·
241 208 310 252 Quaes.
323 209 351 244 83.
364 206 420 244 xxiii:
435 220 444 237 ι
452 206 516 243 Omne
529 206 603 256 castum
615 203 699 241 castitate
718 204 791 240 castum
808 206 842 248 est,

56 270 75 315 et
87 278 145 315 omne
158 269 256 304 aeternum
268 267 376 304 aeternitate
389 268 486 302 aeternum
499 267 533 310 est,
546 266 564 301 et
577 274 635 300 omne
644 262 751 310 pulchrum
760 263 842 309 pulchri-

55 327 127 372 tudine,
141 329 159 363 et
171 338 229 363 omne
242 321 316 363 bonum
329 326 423 370 bonitate;
436 336 482 371 ergo
497 327 516 361 et
534 334 592 360 omne
611 323 687 370 sapiens
706 317 805 369 sapientia,
824 325 842 360 et

56 397 114 423 omne
127 386 188 423 simile
200 386 346 423 similitudine».
359 385 388 422 Ci.
401 384 449 421 inira
462 384 493 429 18,
506 385 537 421 ΟΕ
551 384 610 420 loeis.

55 557 88 597 16.
102 578 109 586 -
124 555 188 597 Sunt
202 566 278 607 supra
292 556 387 595 mentes
402 555 507 602 nostras,
521 534 552 594 ab
567 553 627 605 ipsis
649 549 843 604 independentia

108 684 143 724 De
155 683 202 724 Lib.
217 682 270 723 Arb.
287 682 312 730 ll,
327 683 363 730 xii,
379 683 405 723 34
420 679 548 728 (iudicamus
562 681 610 721 c'um
622 681 649 722 de
658 681 786 730 corporibus
796 685 842 722 tum

56 749 83 790 de
97 749 143 798 ipsa
157 749 228 789 anima
237 750 317 795 nostra,
328 750 349 788 et
359 747 410 797 quid
420 748 469 795 sint,
481 750 501 788 et
511 746 563 797 quid
573 759 620 787 esse
630 745 741 793 debeantlz
753 748 779 788 Et
789 748 842 788 iudi·

55 826 129 855 camus
143 813 195 854 haec
209 814 327 854 secundum
338 814 383 854 illas
393 813 504 853 interiores
514 812 598 861 regulas
608 812 709 859 veritatis,
720 803 774 861 quas
784 825 842 854 com·

57 881 149 920 muniter
163 880 279 920 cernimus:
295 879 322 919 de
337 880 388 928 ipsis
402 890 453 918 vero
468 873 527 918 nullo
542 878 609 918 modo
624 879 672 927 quis
687 878 773 918 iudicat.
785 878 841 919 Cum

56 946 113 996 enim
128 946 176 994 quis
191 945 266 985 dixerit
280 946 364 985 aeterna
378 943 532 993 temporalibus
547 955 593 984 esse
608 944 700 993 potiora,
711 946 747 984 aut
759 947 841 994 septem

56 1014 76 1051 et
90 1011 129 1050 tria
143 1010 217 1050 decem
232 1021 286 1057 esse,
302 1021 367 1050 nemo
381 1009 432 1049 dicit
447 1010 474 1049 ita
489 1021 535 1050 esse
550 1008 657 1057 debuisse,
668 1009 707 1050 sed
721 1011 803 1050 tantum
814 1011 842 1050 ita

16 1081 18 1085 '
56 1087 103 1116 esse
117 1087 258 1124 cognoscens,
274 1087 318 1115 non
333 1075 464 1115 examinator
478 1075 572 1123 corrigit.
590 1074 628 1114 sed
649 1077 731 1114 tantum
753 1075 843 1116 laetatur

56 1142 160 1181 inventor.
176 1140 197 1181 Si
212 1142 282 1181 autem
297 1143 353 1180 esset
367 1140 461 1188 aequalis
476 1139 583 1180 mentibus
597 1141 676 1180 nostris
690 1139 742 1180 haec
756 1141 841 1187 veritas,

56 1205 164 1246 mutabilis
178 1207 241 1245 etiam
256 1206 302 1254 ipsa
316 1208 379 1246 esset.
394 1205 478 1245 Mentes
492 1206 548 1245 enim
564 1207 649 1245 nostrae
664 1199 780 1254 aliquando
794 1217 841 1262 eam

58 1271 105 1320 plus
119 1271 198 1318 vident,
215 1270 330 1319 aliquando
345 1272 422 1317 minus,
439 1272 459 1310 et
473 1282 499 1310 ex
513 1270 555 1311 lroc
569 1270 661 1310 fatentur
675 1282 698 1311 se
712 1282 759 1310 esse
774 1274 842 1311 muta-

56 1335 121 1383 biles;
136 1348 185 1375 cum
200 1336 235 1376 illa
250 1336 270 1374 in
285 1347 308 1375 se
322 1347 411 1376 manens
425 1347 465 1375 nec
480 1336 584 1385 proficiat
605 1347 654 1375 curn
676 1335 724 1385 plus
746 1348 757 1376 a
779 1336 842 1377 nobis

56 1400 146 1448 videtur,
162 1412 201 1441 nec
216 1400 300 1440 deiiciat
315 1412 363 1440 cum
379 1400 457 1447 minus,
472 1400 511 1440 sed
528 1401 610 1449 integra
627 1403 647 1441 et
669 1402 799 1450 incorrupta,
822 1403 842 1442 ei

57 1478 172 1506 conversos
186 1465 285 1506 laetificet
299 1466 387 1513 lumine,
403 1468 423 1505 et
440 1477 526 1506 aversos
547 1466 621 1514 puniat
642 1466 750 1506 caecitate.
773 1466 841 1513 Quid,

57 1531 115 1580 quod
130 1531 193 1570 etiam
208 1531 235 1570 de
250 1531 301 1579 ipsis
311 1530 418 1571 mentibus
428 1531 506 1571 nostris
516 1531 702 1571 secundumillam
714 1531 841 1579 iudicamus,

56 1593 105 1635 curn
120 1595 146 1635 de
157 1595 191 1635 illa
201 1595 260 1635 nullo
271 1595 337 1635 modo
348 1595 441 1635 iudicare
452 1595 685 1644 possirnus?·Dicimus·
691 1597 759 1636 enim:
771 1598 842 1637 minus
858 1618 859 1621 =

57 1660 154 1709 intelligit
162 1672 225 1709 quam
234 1659 304 1707 debet.
314 1663 349 1700 aut
357 1662 438 1701 tantum
447 1663 550 1710 quantum
559 1660 623 1701 debet
633 1661 738 1710 intelligit.
750 1661 841 1702 Tantum

57 1727 127 1765 autem
142 1737 202 1765 mens
216 1724 418 1774 debet'intelligere‚
434 1729 537 1775 quantum
547 1727 639 1775 propius
654 1727 842 1776 admoveri-atque

57 1789 165 1829 inhaerere
180 1790 272 1838 potuerit
287 1790 455 1830 incommutabili
471 1791 560 1831 veritati.
576 1790 649 1838 Quare
663 1793 680 1831 si
698 1803 737 1831 nec
755 1787 843 1832 inferior

57 1865 96 1893 nec
110 1854 203 1901 aequalis
218 1855 256 1900 est,
272 1856 335 1894 restat
349 1857 371 1894 ut
385 1855 412 1893 sit
426 1856 525 1903 superior
538 1856 764 1904 atque‘excellentior.-

110 1918 144 1958 De
161 1918 214 1958 Vera
227 1918 274 1963 Rei.
289 1932 336 1966 xxx,
352 1920 388 1959 56:
402 1919 461 1959 Haec
471 1914 694 1961 autem-leir'omnium
705 1922 781 1961 artium
792 1933 841 1962 cum

58 1984 84 2022 sit
98 1984 187 2022 omnino
202 1983 388 2030 incommutabilis,
405 1996 465 2024 mens
476 1997 526 2025 vero
541 1984 641 2033 humana,
653 1987 686 2025 cui
697 1985 760 2025 talem
771 1986 841 2035 legem

58 2046 129 2087 videre
143 2059 268 2088 concessum
283 2051 321 2096 est,
337 2048 498 2089 mutabilitatem
514 2050 556 2099 pati
571 2051 639 2099 possit
649 2051 734 2098 erroris,
745 2052 796 2092 satis
806 2063 842 2101 ap·

59 2114 117 2160 paret
131 2123 195 2161 supra
209 2115 301 2153 mentem
315 2116 411 2154 nostram
426 2126 473 2154 esse
487 2115 565 2164 legem,
581 2127 636 2164 quae
658 2117 735 2157 veritas
756 2117 841 2157 dicitur.
862 2138 864 2140 ·

59 2178 67 2231 J
110 2177 165 2227 xpri,
181 2179 214 2217 57
230 2177 302 2226 ltaque
314 2190 362 2218 cum
373 2190 396 2219 se
404 2188 476 2219 anima
486 2180 568 2220 sentiat
571 2192 611 2220 nec
621 2193 744 2230 corporum
747 2192 841 2231 speciem

58 2243 103 2280 mot
104 2235 184 2290 umque
198 2236 291 2281 iudicare
305 2243 422 2303 secundum
437 2238 537 2293 seipsam,
550 2240 621 2285 simul
638 2243 733 2296 oportet
730 2247 843 2308 agnoscat

58 2308 164 2354 praestare
178 2318 238 2358 suam
253 2296 348 2361 naturam
365 2309 392 2363 ei
403 2297 492 2364 naturae
511 2310 538 2350 de
559 2322 601 2358 qua
623 2312 720 2358 iudicat;
730 2303 842 2369 'praestare

58 2372 134 2427 autem
143 2361 183 2410 sibi
190 2368 246 2430 earn
260 2358 356 2431 naturam
364 2360 484 2424 secundum
495 2385 561 2435 quam
570 2370 656 2431 iudicat,
668 2379 689 2417 et
699 2376 729 2434 de
736 2377 787 2430 qua
785 2371 842 2417 iudi·

57 2447 107 2484 care
118 2436 178 2486 nullo
190 2419 266 2488 ιιιιιιιο
274 2439 369 2492 potest...
374 2426 531 2495 Quapropter
536 2432 599 2490 tanto
607 2439 702 2502 meliora
707 2444 764 2504 esse
765 2427 842 2505 ἰιιιιιιιι

58 2512 112 2549 quae
127 2500 194 2557 oculis
206 2513 280 2555 cerno¹
296 2489 386 2551 quanto
391 2515 430 2552 pro
444 2515 482 2559 sua
496 2508 570 2560 natura
580 2497 687 2548 viciniora
689 2495 764 2562 sunt.n
752 2520 777 2549 ns
780 2507 842 2562 quae

58 2566 130 2606 animo
141 2549 244 2616 intelligo.
259 2566 332 2614 Quare
346 2571 415 2609 autem
431 2569 465 2614 illa
481 2558 508 2617 ita
521 2571 573 2618 sint.
581 2572 656 2630 nullus
669 2575 749 2622 potest
755 2574 841 2626 dicere3
