1768 2978
4 137 790 151 —,—-——————————.—.-.—-

5 158 789 202 :t!l¹ttl!t:t:lll*tll!lllllllhullllttlttltllul!ttttt!!¹ll!l:ll!tlvttlt::llutttltltfflullatlutttuutttuu

226 566 264 626 20.
278 589 285 597 ·
301 566 337 608 De
351 567 448 608 ratione
462 567 572 609 interiori

62 727 77 768 i.
91 727 157 777 Quid
168 728 231 769 ratio
242 727 351 769 interior.
361 733 412 773 -De
424 732 481 773 Trin.
492 732 538 779 Xll,
550 733 571 780 ii,
583 734 605 773 2:
622 737 711 783 possunt
721 736 791 775 autem

8 799 29 837 et
43 808 122 847 pecora
136 799 157 838 et
171 796 249 838 sentire
263 809 301 847 per
315 799 412 848 corporis
426 810 501 839 sensus
518 798 646 839 extrinsecus
665 800 791 849 corporalia,

8 865 29 903 et
43 874 67 903 ea
82 863 186 903 memoria
200 863 242 903 lixa
256 863 371 911 reminisci,
387 865 450 913 atque
460 865 481 903 in
492 863 522 904 eis
532 866 631 913 appetere
641 864 791 912 conducibilia,

8 929 82 978 lugere
97 928 243 969 incommoda.
259 928 338 969 Verum
353 941 378 969 ea
393 931 475 976 notate,
491 940 515 969 ac
529 940 572 969 non
586 929 656 970 solum
672 930 793 970 naturaliter

8 988 76 1044 rapta,
91 994 130 1034 sed
146 994 210 1034 etiam
225 994 252 1034 de
267 993 369 1034 industria
380 995 496 1035 memoriae
506 994 654 1035 commendata
665 995 761 1043 retinere,
772 998 793 1035 et

9 1061 30 1101 in
45 1059 177 1101 oblivionem
192 1060 234 1100 iam
252 1061 337 1110 iamque
347 1059 439 1101 labentia
453 1061 586 1101 recordando
601 1063 663 1110 atque
677 1061 792 1110 cogitando

9 1138 81 1167 rursus
92 1126 225 1175 imprimere;
241 1128 263 1166 ut
278 1124 462 1175 quemadmodum
476 1138 502 1166 ex
516 1138 542 1166 eo
557 1126 616 1176 quod
627 1127 680 1175 gerit
690 1126 793 1167 memoria

9 1192 112 1241 cogitatio
126 1191 238 1239 formatur,
253 1191 284 1232 sic
298 1193 319 1232 et
333 1191 375 1231 hoc
389 1192 458 1240 ipsum
477 1191 535 1240 quod
550 1192 571 1231 in
586 1192 689 1232 memoria
708 1194 739 1231 est
758 1203 793 1231 co·
816 1182 820 1185 ’

9 1258 112 1308 gitatione
126 1257 234 1305 iirmetur;
249 1257 310 1297 fictas
324 1257 387 1297 etiam
402 1257 502 1304 visiones,
518 1256 567 1297 hinc
581 1260 644 1306 atque
659 1257 708 1297 inde
725 1268 793 1297 recor-

10 1322 59 1364 data
73 1322 180 1372 quaelibet
194 1322 300 1363 sumendo
311 1324 331 1362 et
341 1322 400 1371 quasi
416 1321 522 1362 assuendo
532 1319 679 1371 componere*,
690 1322 803 1371 inspicere.

10 1388 194 1438 quemadmodum
206 1388 226 1428 in
237 1383 279 1428 hoc
288 1399 358 1428 rerum
376 1399 454 1437 genere
464 1399 518 1436 quae
528 1387 649 1427 verisimilia
658 1390 707 1427 sunt
717 1387 793 1427 discer-

9 1457 87 1494 nantur
97 1466 108 1494 a
118 1465 162 1494 non
180 1453 241 1501 veris,
253 1465 296 1493 non
306 1452 451 1502 spiritualibus
460 1452 498 1493 sed
509 1452 560 1502 ipsis
570 1452 726 1502 corporalibus:
742 1451 794 1492 haec

11 1523 74 1570 atque
88 1519 221 1566 huiusmodi,
237 1519 334 1568 quamvis
349 1519 370 1559 in
385 1517 520 1559 sensibilibus
535 1520 599 1568 atque
609 1518 629 1558 in
640 1519 670 1558 eis
680 1529 735 1567 quae
745 1517 794 1576 inde

11 1588 95 1627 animus
109 1597 147 1635 per
161 1596 247 1625 sensum
262 1585 359 1634 corporis
372 1585 441 1631 traxit,
453 1586 542 1633 agantur
551 1585 613 1632 atque
623 1579 794 1630 versentur‚·non
854 1617 856 1620 Α

10 1654 60 1693 sunt
74 1654 145 1692 tamen
161 1651 248 1691 rationis
263 1651 363 1700 expertia,
379 1652 419 1690 nec
432 1649 556 1689 hominibus
571 1648 727 1698 pecoribusque
736 1660 794 1689 com·

11 1719 92 1758 munia.

65 1784 95 1831 iii,
110 1783 133 1823 3:
151 1782 204 1822 illud
214 1793 265 1822 vero
275 1783 372 1821 nostrum
383 1781 442 1829 quod
452 1781 473 1820 in
484 1781 567 1820 actione
579 1779 721 1829 corporalium
732 1781 795 1827 atque

11 1847 162 1898 temporalium
181 1846 340 1887 tractandorum
358 1841 392 1886 ita
404 1848 505 1893 versetur,
521 1847 543 1885 ut
557 1856 601 1885 non
616 1845 642 1884 sit
656 1844 719 1884 nobis
738 1856 795 1884 corn·

12 1926 77 1955 mune
98 1925 146 1954 cum
169 1924 254 1963 pecore,
277 1912 379 1952 rationale
398 1911 485 1960 quidem
502 1912 541 1957 est,
557 1909 594 1950 sed
609 1909 683 1949 exilia
700 1909 795 1949 rationali

12 1982 97 2020 nostrae
112 1979 189 2019 mentis
203 1977 327 2024 substantia.
339 1988 381 2025 qua
391 1975 545 2016 subhaeremus
555 1973 680 2024 intelligibili
694 1976 756 2023 atque
767 1974 797 2013 in-

12 2044 159 2086 commutabili
174 2044 264 2090 veritati,
279 2046 379 2091 tanquam
395 2041 482 2081 ductum
497 2043 518 2081 et
533 2039 668 2080 interioribus
684 2039 797 2079 tractandis

13 2110 201 2159 gubernandisque
216 2109 340 2157 deputatum
356 2109 395 2147 est.
858 2098 860 2100 ’

9 2227 12 2231 7
65 2176 100 2216 De
117 2175 174 2216 Trin.
194 2174 250 2221 Xlll‚
267 2174 281 2221 i,
296 2174 309 2213 2
324 2171 384 2222 (quid
404 2172 425 2211 in
445 2171 537 2221 prologo
559 2170 618 2211 Ioan.
641 2170 667 2210 ad
688 2170 796 2210 scientiam

12 2241 57 2281 sive
72 2241 176 2281 rationem
192 2238 315 2280 inferiorem
331 2234 440 2287 pertinetl:
458 2232 520 2276 'Fuit
533 2234 600 2275 homo
615 2235 692 2274 missus
702 2246 714 2273 a
724 2233 796 2273 Deo...

12 2308 36 2346 ut
50 2318 126 2346 omnes
140 2305 251 2346 crederent
265 2315 304 2353 per
318 2302 377 2343 illum
387 2301 401 2342 ’.
422 2301 470 2341 Hoc
489 2301 531 2341 iam
550 2299 695 2349 temporaliter
714 2301 797 2347 gestum

13 2374 52 2419 est,
68 2374 88 2411 et
105 2371 132 2411 ad
149 2370 259 2422 scientiam
279 2368 377 2419 pertinet,
397 2378 451 2416 quae
471 2366 594 2415 cognitione
613 2364 713 2404 historica
732 2364 798 2404 conti·

13 2440 82 2478 netur.
94 2436 212 2477 Hominem
223 2438 293 2476 autem
305 2435 406 2475 loannem
417 2433 438 2473 in
449 2431 558 2481 phantasia
568 2430 695 2479 cogitamus,
707 2440 761 2477 quae
771 2428 798 2468 de

13 2503 120 2543 humanae
134 2504 221 2543 naturae
235 2501 311 2542 notitia
326 2500 429 2549 impressa
443 2500 474 2538 est
488 2499 572 2537 nostrae
588 2495 711 2541 memoriae.
723 2494 748 2534 Et
758 2494 799 2533 hoc

14 2568 92 2609 eodem
103 2568 170 2608 modo
181 2568 283 2617 cogitant,
293 2567 337 2607 sive
347 2565 383 2615 qui
395 2565 433 2604 ista
443 2575 486 2604 non
496 2562 592 2608 credunt,
603 2561 646 2601 sive
657 2560 692 2608 qui
703 2559 798 2600 credunt.
