1768 2978
59 72 82 107 54
283 72 311 108 19.
324 91 331 98 -
344 79 371 107 DE
383 78 464 108 LUMINE
477 77 623 106 INTELLIGIBILI

59 190 113 227 Solil.
127 191 139 227 l.
153 191 192 236 xiii,
205 191 242 236 xiv,
255 191 329 227 redolet
345 190 445 236 allegorias
462 188 554 234 Platonis,
570 187 663 234 imprimis
680 188 791 234 allegoriam
804 199 847 235 spe-

59 250 138 286 luncae:
152 250 185 296 qui
198 250 292 296 gradatim
305 261 339 296 per
351 249 448 286 sensibilia
461 248 530 285 mentis
542 247 603 284 aciem
615 247 640 283 ad
653 258 729 293 semper
737 247 847 293 pulchriora

59 309 119 355 erigit,
132 310 210 346 tandem
226 310 331 356 aliquando
349 309 406 345 «sine
423 308 549 355 trepidatione
566 308 585 344 et
601 317 645 343 cum
662 317 733 353 magna
748 307 847 354 voluptate

59 369 121 404 solem
134 369 206 405 videbit
214 383 229 405 r.

108 427 129 463 b.
143 428 229 464 Eandem
241 430 305 464 tamen
318 427 424 464 doctrinam
437 427 490 473 putat
498 425 578 472 proferri
587 425 674 472 pluribus
682 425 730 462 locis
739 425 846 472 Scripturae

59 487 139 524 Sacrae:
154 501 162 517 ‹<
171 488 215 523 Erat
227 487 260 523 lux
272 498 317 523 vera
329 498 379 533 quae
391 487 484 522 illuminat
497 496 576 521 omnem
588 485 688 521 hominem
701 485 810 522 venientem
827 486 846 523 in

60 547 111 583 hunc
124 547 218 583 mundum
227 560 247 590 »3
262 546 378 592 «Signatum
392 547 420 582 est
432 556 490 591 super
499 556 535 581 nos
544 545 609 581 lumen
620 545 683 580 vultus
695 545 728 590 tui,
738 545 823 582 Domine
830 558 846 590 »;

62 606 106 641 «Tu
119 606 236 642 illuminabis
248 606 345 642 lucernam
358 616 427 650 meam,
442 605 532 641 Domine.
548 604 628 640 Lumine
641 605 674 640 tuo
691 604 808 641 illuminabis
820 607 847 641 te-

60 665 129 701 nebras
142 676 194 701 meas
203 677 224 706 >³2
238 680 246 695 ‹<
255 666 297 711 Ego
310 676 353 701 sum
366 665 399 700 lux
414 664 493 708 mundi3
506 664 539 709 qui
556 663 641 709 sequitur
658 674 689 699 me
705 674 746 699 non
762 664 848 701 ambulat

59 724 79 760 in
92 725 181 769 tenebris,
193 725 227 760 sed
240 724 318 760 habebit
329 724 395 760 lumen
407 723 479 768 vitae»,
493 725 528 759 etc.

108 794 127 820 c.
141 784 170 820 De
187 784 281 830 Magistro
297 783 385 820 interiore
404 783 437 829 qui
456 794 492 819 nos
511 782 604 819 illuminat
623 782 783 829 quotiescumque
802 794 847 820 eum

60 844 184 888 consulimus,
197 843 220 879 cf.
235 854 298 889 supra,
311 842 342 887 14,
356 841 379 878 ii.

114 986 138 1025 n.
152 984 200 1026 mn
215 987 299 1026 textus
312 985 342 1026 de
352 984 439 1026 eodem
451 975 551 1025 rumine.
561 1010 568 1016 -
580 976 644 1037 conf.
653 988 700 1035 vu.
710 1001 731 1035 x,
744 988 769 1028 16
779 986 847 1035 (rectis

61 1054 120 1094 libris
134 1052 312 1101 Platonicorumlz
325 1054 400 1094 Intravi
417 1050 445 1102 [in
461 1054 534 1094 intima
544 1049 599 1101 mea]
611 1055 631 1093 et
641 1053 684 1093 vidi
695 1053 847 1103 qualicumque

61 1120 125 1159 oculo
140 1120 222 1159 animae
237 1131 387 1168 meae,‚supra
396 1119 488 1159 eundem
503 1119 590 1159 oculum
605 1119 689 1158 animae
703 1130 771 1166 meae¹
783 1131 847 1168 supra

61 1181 154 1224 mentem
172 1196 241 1224 meam
258 1184 327 1224 lucem
345 1183 550 1231 incommutabilem,
566 1195 610 1223 non
627 1183 682 1223 hanc
699 1183 809 1232 vulgarem
827 1186 847 1224 et

61 1250 198 1298 conspicuam
209 1250 267 1289 omni
277 1250 360 1289 carni...
369 1250 419 1289 Non
429 1248 470 1289 hoc
481 1248 532 1288 illud
543 1251 587 1288 erat
596 1248 635 1288 sed
645 1240 777 1296 aliud,'aliud
785 1249 847 1289 valde

61 1314 87 1354 ab
103 1306 147 1354 istis
161 1314 269 1355 omnibus.
285 1315 331 1354 Nec
345 1315 373 1354 ita
386 1317 429 1354 erat
439 1326 503 1363 supra
516 1316 609 1354 mentem
620 1326 699 1361 meam,
710 1314 764 1354 sicut
774 1314 846 1355 oleum

61 1391 125 1427 super
139 1391 215 1427 aquam
231 1388 270 1419 nec
284 1380 338 1419 sicut
351 1379 433 1419 caelum
448 1391 513 1428 super
526 1381 612 1426 terram,
623 1379 661 1419 sed
676 1380 781 1428 superior,
797 1380 847 1428 quia
875 1381 876 1385 ’

62 1443 107 1492 ipsa
121 1443 170 1483 fecit
185 1456 226 1491 me,
238 1446 259 1483 et
269 1456 310 1493 ego
321 1443 415 1491 inferior,
426 1444 475 1492 quia
490 1443 557 1484 factus
572 1443 598 1484 ab
613 1455 645 1484 ea.
661 1443 705 1491 Qui
720 1444 780 1484 novit
794 1445 846 1485 veri-

61 1511 133 1556 tatem,
149 1509 208 1549 novit
222 1521 280 1556 eam;
296 1511 316 1549 et
331 1509 366 1558 qui
380 1510 439 1549 novit
454 1521 508 1556 eam,
520 1510 580 1549 novit
594 1506 748 1549 aeternitatem.
764 1508 847 1550 Caritas

62 1574 120 1613 novit
130 1585 203 1614 eam...
219 1574 244 1614 Et
254 1573 391 1614 reverberasti
402 1574 546 1614 infirmitatem
557 1565 656 1623 aspectus
669 1575 719 1622 mei,
730 1574 815 1615 radians
826 1575 847 1615 in

62 1651 96 1679 me
106 1638 248 1687 veliementer,
260 1642 280 1680 et
290 1640 408 1680 contremui
423 1652 497 1680 amore
511 1642 531 1680 et
546 1639 660 1681 horrore...
677 1640 702 1680 Et
716 1640 769 1681 dixi:
786 1652 846 1680 num-

62 1704 113 1753 quid
123 1704 175 1744 nihil
185 1707 216 1744 est
226 1706 309 1752 veritas,
320 1706 421 1754 quoniam
437 1717 506 1754 neque
517 1717 554 1755 per
564 1705 624 1746 finita
637 1717 706 1755 neque
717 1717 755 1755 per
765 1705 847 1746 infinita

62 1769 158 1810 locorum
169 1771 236 1819 spatia
246 1770 323 1810 diffusa
333 1771 378 1811 est?
393 1771 417 1811 Et
434 1771 528 1811 clamasti
544 1770 570 1812 de
585 1770 715 1821 longinquo:
731 1768 788 1821 *Ego
799 1783 846 1812 sum

63 1836 98 1884 qui
113 1848 168 1876 sum.
185 1837 209 1876 Et
226 1837 296 1876 audivi
313 1837 367 1877 sicut
384 1837 468 1877 auditur
483 1837 503 1877 in
518 1837 591 1885 corde,
607 1839 628 1878 et
642 1849 686 1885 non
701 1840 745 1878 erat
759 1849 847 1887 prorsus

63 1901 119 1941 unde
133 1901 259 1950 dubitarem,
271 1902 395 1952 faciliusque
406 1902 525 1943 dubitarem
536 1903 606 1944 vivere
621 1915 656 1943 me
670 1915 735 1953 quam
746 1915 789 1944 non
800 1915 847 1944 esse

63 1968 178 2014 veritatem,
190 1979 244 2016 quae
259 1980 296 2017 per
310 1980 335 2008 ea
349 1980 403 2017 quae
417 1968 472 2008 facta
486 1971 535 2009 sunt
549 1968 654 2009 intellecta
669 1970 806 2018 conspicitur.

115 2032 175 2082 Epis.
184 2032 276 2073 CXLVI}
288 2032 323 2080 (ad
331 2032 457 2082 Paulinam),
468 2035 518 2082 xvii,
529 2036 565 2075 42:
577 2033 639 2082 Quae
650 2046 698 2075 cum
710 2035 737 2075 ita
748 2035 797 2083 sint,
809 2034 846 2075 ob·

63 2108 122 2137 secro
132 2099 160 2144 te,
171 2109 219 2137 cum
230 2099 299 2146 agitur
309 2099 329 2138 in
340 2101 360 2139 te
370 2098 412 2139 hoc
421 2101 464 2139 tam
475 2099 555 2148 grande
563 2100 687 2148 negotium:
699 2111 748 2140 cum
756 2099 783 2140 ab
791 2102 847 2140 exte·

64 2162 154 2202 rioribus
162 2163 260 2203 interiora
269 2164 388 2213 distinguis,
398 2167 461 2213 atque
469 2165 503 2204 illa
512 2165 556 2205 istis
564 2165 699 2205 ineffabiliter
707 2166 857 2215 anteponis.:.⁶··

63 2228 84 2267 in
99 2228 189 2268 nullate
204 2231 272 2277 putas,
288 2241 314 2269 an
329 2230 350 2269 in
365 2230 435 2279 aliqua
449 2230 495 2270 luce
510 2231 602 2271 versari?
617 2231 663 2280 Ego
673 2231 729 2271 enim
748 2231 846 2271 existimo

63 2293 122 2341 quod
136 2295 192 2333 tanta
206 2294 243 2334 tibi
259 2297 279 2335 et
293 2294 349 2343 talia,
364 2297 407 2335 tarn
422 2307 479 2343 vera,
497 2298 540 2335 tam
557 2295 620 2344 clara,
636 2299 679 2337 tam
694 2298 759 2344 certa,
779 2296 846 2337 videri

63 2359 108 2398 sine
122 2358 168 2399 luce
183 2371 226 2399 non
241 2363 337 2408 possunt.
355 2360 425 2409 ipsam
442 2361 506 2410 igitur
524 2361 602 2409 lucem,
618 2362 640 2412 in
656 2362 698 2412 qua
717 2364 793 2403 cuncta
812 2362 847 2402 illa

64 2424 172 2473 perspicis,
189 2425 277 2465 intuere.

115 2490 149 2528 43.
166 2486 229 2537 [Cum
245 2491 302 2539 ipsae
317 2494 400 2531 nostrae
415 2493 578 2541 imaginationes
588 2493 651 2533 nullis
661 2493 758 2533 locorum
773 2493 847 2542 spatiis

63 2551 217 2603 contineantur]
239 2558 319 2604 quanto
334 2557 402 2606 magis
417 2557 451 2597 illa
468 2570 522 2607 quae
542 2558 621 2598 nullam
636 2561 713 2608 gerunt
727 2558 847 2599 similitudi·
