1768 2978
61 87 85 125 80
381 96 445 125 ruonx
460 96 532 127 annun

73 208 90 244 9.
103 207 204 250 Quaenam
217 207 285 243 veritas
298 209 394 253 competat
406 207 495 244 sensibus

163 266 175 303 i.
188 266 289 303 Sinceritas
301 266 383 303 veritatis
396 277 436 303 non
449 267 501 313 apud
514 277 582 303 sensus
605 293 778 302 .....

156 325 175 361 ii.
189 323 343 362 Fundamentum
355 327 419 362 tamen
432 326 524 371 praebent
536 325 611 362 iudiciis
624 325 648 361 de
661 325 719 362 rebus
732 353 736 361 .
774 353 778 362 .

62 386 89 421 10.
103 385 182 421 Penitus
195 396 237 421 esse
249 385 285 421 ista
297 385 394 421 sensibilia
406 384 498 430 fugienda
522 411 736 422 ......
756 388 778 419 ⁴.
808 401 810 404 ⁴

443 504 467 539 lll

62 593 90 628 11.
103 592 133 628 De
146 593 240 638 conceptu
253 592 279 628 rei
292 591 420 628 immaterialis

78 652 80 656 '
163 651 175 687 i.
188 651 253 693 Quam
265 653 305 688 erat
316 650 425 696 Augustino
439 650 520 687 diiiicilis
522 678 778 687 .......

157 710 175 745 ii.
188 701 286 752 Quantum
300 710 369 746 debeat
382 709 484 746 Platonicis
521 737 525 746 .
563 737 567 746 .
604 736 615 746 ..
647 737 651 745 .
689 737 694 746 .
731 737 736 745 .
773 737 778 746 .

62 769 91 805 12.
104 770 134 805 De
147 769 219 805 ratione
231 769 271 805 sive
284 769 408 814 intelligentia

113 859 116 862 Α
163 829 175 864 i.
188 828 240 864 Nihil
253 829 273 864 in
286 829 353 864 natura
365 828 450 864 humana
462 828 588 874 praestantius
605 855 778 865 .....

157 888 175 923 ii.
188 888 219 924 De
231 888 304 924 ratione
317 888 410 933 superiori
423 889 441 923 et
453 887 537 924 inferiori
564 914 778 924 ......

63 948 90 984 13.
104 947 247 993 Cognoscimus
260 947 335 983 obiecta
347 947 438 983 omnibus
451 946 548 984 mentibus
561 941 674 983 communia
689 975 693 983 .
731 974 735 982 .
773 974 777 983 .

63 1007 91 1042 14.
104 1007 150 1042 Non
163 1005 260 1043 sensibilia
272 1016 336 1052 neque
349 1016 373 1042 ex
385 1005 474 1042 sensibus
487 1007 565 1042 attracta

163 1065 175 1101 i.
188 1065 234 1102 Non
247 1076 271 1101 ex
284 1064 407 1102 sensibilibus
439 1092 778 1102 .........

157 1124 176 1160 ii.
189 1126 241 1161 lntus
254 1124 348 1161 invenitur
360 1125 428 1161 veritas
439 1152 778 1161 .........

63 1185 91 1221 15,
104 1185 235 1234 lmmutabilia,
248 1186 329 1230 aeterna,
341 1185 428 1231 pluribus
441 1184 551 1231 participata
596 1210 598 1213 ι

163 1245 175 1281 i.
189 1245 315 1281 immutabilia
328 1246 372 1281 sunt
384 1247 403 1281 et
415 1246 491 1281 aeterna
508 1272 778 1282 ........

142 1322 144 1327 ν
157 1304 176 1339 ii.
189 1305 210 1340 In
223 1304 309 1349 pluribus
322 1303 387 1350 aliquo
401 1303 461 1340 modo
474 1303 586 1340 realizantur
606 1331 778 1341 .....

63 1363 91 1399 ld.
104 1364 165 1409 Supra
178 1366 251 1400 mentes
264 1366 344 1408 nostras,
361 1355 385 1400 ab
400 1363 446 1410 ipsis
461 1364 611 1409 independentia
648 1391 652 1400 .
689 1392 694 1400 .
732 1391 736 1399 .
773 1391 778 1400 .

63 1424 91 1459 17.
105 1424 131 1460 lta
144 1426 218 1460 constat
230 1423 294 1459 Deum
307 1434 349 1460 esse
354 1451 778 1460 ...........

63 1484 91 1519 18.
104 1483 134 1519 De
146 1483 194 1520 ideis
231 1511 235 1519 .
272 1511 277 1520 .
312 1501 317 1521 a

63 1544 91 1580 19.
104 1543 134 1579 De
146 1543 218 1580 lumine
231 1543 343 1590 intelligibili

170 1603 181 1638 i.
195 1603 248 1639 Deus
261 1603 315 1649 quasi
329 1603 357 1639 sol
395 1630 778 1642 ..........

163 1663 182 1699 ii.
195 1662 232 1699 Alii
245 1664 314 1699 textus.
355 1691 359 1699 .
397 1691 401 1699 .
439 1690 443 1698 .
469 1698 471 1701 ,
481 1689 778 1699 ........

158 1722 183 1758 iii.
196 1723 229 1759 Est
242 1722 354 1759 illuminatio
368 1722 463 1759 naturalis.
476 1723 522 1759 Eius
535 1722 618 1759 ambitus
647 1750 651 1759 .
689 1750 694 1759 .
731 1749 735 1757 .
773 1750 777 1758 .

158 1781 181 1817 ἰν.
195 1782 240 1818 Νοη
254 1784 282 1818 est
293 1783 335 1826 ipse
347 1782 453 1818 intellectus
466 1783 531 1818 noster
564 1809 778 1818 ......

163 1853 180 1878 v.
194 1841 261 1888 Agitur
274 1842 298 1878 de
310 1842 396 1887 quodam
409 1841 477 1878 intuitu
490 1841 531 1877 sine
544 1841 657 1878 intermedio
690 1869 695 1878 .
732 1868 737 1878 .
774 1869 778 1877 .

158 1901 182 1937 vi.
195 1901 274 1937 intuitus
287 1902 408 1938 immediatus
422 1901 458 1937 Dei
472 1901 567 1938 rarissime
579 1901 691 1938 conceditur
732 1928 736 1937 .
774 1928 778 1938 .

443 2021 468 2057 lV

64 2109 92 2144 20.
105 2108 135 2144 De
148 2109 220 2145 ratione
233 2108 316 2145 interiori

165 2167 176 2204 i.
190 2167 242 2210 Quid
256 2168 302 2204 ratio
315 2168 393 2205 interior
398 2195 779 2205 ..........
782 2167 786 2171 '
827 2168 850 2204 65

159 2227 177 2263 ii.
190 2228 220 2264 De
233 2228 327 2265 intellectu
342 2228 442 2274 signorum
479 2255 778 2266 ........
827 2228 851 2265 67

36 2327 38 2329 ,
63 2288 92 2323 21.
106 2287 135 2323 De
148 2288 273 2334 conceptibus
285 2288 380 2333 empiricis
397 2315 778 2325 ..........
827 2288 860 2324 69-

63 2346 93 2382 22.
106 2346 136 2382 De
148 2346 255 2392 ignorantia
268 2349 286 2383 et
298 2358 361 2383 errore

170 2405 182 2441 i.
196 2406 225 2442 De
238 2406 345 2452 ignorantia
356 2434 695 2445 ..........
723 2409 737 2442 ’.
774 2434 779 2443 .
827 2406 848 2442 71

164 2464 183 2501 ii.
196 2465 248 2508 Quid
263 2465 335 2502 intersit
349 2466 398 2503 inter
410 2467 487 2503 credere
500 2468 518 2503 et
531 2466 604 2513 opinari
648 2494 652 2503 .
690 2494 695 2503 .
732 2493 736 2501 .
773 2493 778 2502 .
827 2466 850 2502 73

159 2524 184 2559 iii.
197 2524 227 2560 De
239 2524 319 2562 falsitate
356 2552 779 2562 ...........
827 2526 851 2561 74

159 2583 183 2620 iv.
197 2585 226 2621 De
239 2595 318 2622 errore.
355 2613 359 2622 .
396 2614 401 2623 .
438 2614 443 2622 .
479 2601 484 2623 ·.
522 2614 778 2626 .......
827 2586 850 2622 75
