1768 2978
227 53 255 90 19.
268 72 275 80 -
289 60 315 89 oe
328 60 409 91 cuntur
424 61 568 91 interrrornnr
765 56 790 93 59

4 174 82 222 mine';
97 175 178 215 lumine
192 176 238 222 tuo,
257 172 367 222 ‘Domine
383 174 513 217 illuminabis
526 175 624 217 tenebras
638 177 713 218 meas'.
728 177 789 218 Meae

4 240 62 281 enirn
77 239 129 280 nihil
143 240 184 281 nisi
199 239 307 281 tenebrae.
322 240 355 280 Tu
369 243 440 281 autem
455 241 528 282 lumen
541 241 618 291 rugans
628 242 732 290 tenebras,
744 243 789 283 illu·

4 306 89 346 minans
103 316 145 353 me,
161 316 205 346 non
220 317 232 346 a
246 316 281 346 nre
298 305 350 346 mihi
368 305 440 347 lumen
461 307 571 354 exsistens,
593 307 631 347 sed
652 307 724 348 lumen
746 319 789 348 non

2 371 134 420 participans
144 370 189 411 'nisi
204 371 226 410 in
240 373 268 411 te.

53 478 74 504 a.
87 469 111 505 In
123 468 176 506 roan.
188 469 249 505 Euan.
262 469 339 514 XXXV,
351 470 369 514 3,
381 469 438 506 citato
450 469 484 506 illo
494 469 613 506 textu‘Non
621 472 660 507 erat
668 471 699 506 ille
708 471 790 507 lumen...

6 528 50 565 Erat
62 528 127 563 lumen
144 537 210 563 verum
227 528 281 573 quod
298 528 402 564 illuminat'
419 530 465 565 etc:
481 529 542 565 «Hoc
558 539 605 575 ergo
621 529 727 574 discernite,
739 530 791 566 aliud

6 597 49 624 esse
61 587 126 623 lumen
139 586 193 633 quod
206 586 305 633 illuminat,
318 587 369 623 aliud
382 598 424 624 esse
437 587 490 633 quod
505 587 626 624 illuminatur.
639 588 690 624 Nam
706 590 725 625 et
740 588 791 625 oculi

6 645 66 682 nostri
79 645 152 681 lumina
164 645 271 682 dicuntur...
283 646 311 682 sic
328 657 382 682 mens
399 647 469 691 nostra,
486 646 518 691 qui
535 648 563 683 est
579 646 646 683 oculus
662 647 742 692 animae,
755 647 791 683 nisi

5 704 88 741 veritatis
101 704 173 740 lumine
186 705 274 750 radietur,
287 707 306 742 et
318 704 342 742 ab
355 705 388 742 illo
401 705 434 751 qui
447 704 541 742 illuminat
556 716 592 742 nec
603 705 724 751 illuminatur,
737 706 793 743 rnira-

6 764 68 801 biliter
80 763 188 810 illustretur,
200 774 237 801 nec
249 765 273 801 ad
286 764 399 811 sapientiam
411 775 447 801 nec
459 765 484 801 ad
496 764 586 801 iustitiam
594 765 662 811 poterit
671 766 768 812 pervenire
776 779 792 803 ›.

6 824 38 860 De
55 823 97 860 Pac.
116 823 193 860 Meritis
212 824 225 868 l,
244 835 288 868 xxv,
306 824 336 868 37,
355 823 470 869 explicando
488 824 547 860 verba
565 822 684 861 ‘venientem
702 825 722 860 in
740 824 792 861 hunc

7 883 126 919 mundum':
140 885 189 919 «aut
201 883 217 919 si
229 883 322 920 rationem
337 883 405 929 ipsam,
418 893 456 930 qua
472 883 556 919 humana
572 883 635 920 anima
651 883 747 920 rationalis
759 894 792 930 ap·

7 942 93 988 pellatur,
106 952 157 988 quae
169 942 217 978 ratio
229 941 293 978 adhuc
305 942 357 978 velut
369 942 433 988 quieta
446 944 464 978 et
476 942 531 987 quasi
547 943 615 987 sopita,
627 944 690 978 tamen
707 942 763 979 insita
775 944 793 979 et

8 1001 63 1048 quasi
75 1001 188 1038 inseminata
200 1000 219 1037 in
232 1001 315 1047 parvulis
327 1001 377 1046 latet,
389 1000 549 1053 illuminationem
563 1001 623 1038 voluit
639 1001 740 1052 appellare,
752 1004 792 1038 tan·

8 1071 66 1107 quarn
78 1060 173 1097 interioris
187 1060 238 1096 oculi
255 1061 381 1105 creationem,
398 1072 438 1097 non
452 1061 578 1097 resistendum
595 1061 623 1097 est
635 1062 680 1097 tunc
696 1071 739 1097 eam
751 1061 792 1097 lieri

8 1131 52 1157 curn
65 1120 129 1157 anima
141 1121 220 1166 creatur,
232 1130 268 1157 nec
280 1120 364 1171 absurde
377 1120 414 1156 hoc
426 1120 505 1165 intelligi
518 1130 562 1156 curn
575 1120 634 1173 borno
643 1120 698 1157 venit
710 1120 729 1156 in
736 1131 792 1157 ›mun-

8 1181 61 1217 dum.
73 1181 210 1227 Verumtamen
223 1180 279 1216 etiarn
292 1181 334 1227 ipsc
347 1180 434 1226 quamvis
446 1179 485 1216 iarn
497 1181 570 1216 creatus
584 1181 657 1225 oculus,
670 1190 748 1217 necesse
765 1182 793 1217 est

8 1240 123 1277 intenebris
136 1241 217 1285 maneat,
231 1239 247 1276 si
259 1250 299 1276 non
312 1239 371 1276 credit
383 1239 403 1275 in
416 1250 461 1276 eum
473 1239 506 1285 qui
519 1239 577 1275 dixit:
590 1240 632 1285 Ego
644 1239 677 1275 lux
693 1239 713 1276 in
728 1250 793 1276 saecu-

8 1301 48 1337 lum
61 1301 110 1345 veni,
123 1302 144 1337 ut
156 1300 219 1337 omnis
232 1300 265 1346 qui
277 1299 337 1336 credit
349 1300 368 1335 in
381 1310 412 1335 me
425 1310 465 1336 non
477 1301 553 1336 maneat
564 1299 584 1336 in
596 1299 702 1336 tenebris».
715 1300 744 1336 Ex
752 1310 792 1346 quo

7 1361 61 1397 textu
74 1359 123 1396 clare
136 1360 215 1406 apparet
227 1357 328 1395 difficultas
341 1358 461 1395 discernendi
470 1359 521 1404 apud
530 1357 553 1395 Α.
562 1358 610 1406 inter
618 1359 679 1401 lucem
689 1359 792 1395 naturalem

9 1421 27 1456 et
39 1419 209 1465 supranaturalenr.
255 1424 268 1458 ,’
285 1462 287 1466 .

57 1477 79 1515 b.
92 1478 122 1515 De
135 1479 177 1515 luce
190 1479 252 1515 creata
263 1478 324 1524 ipsius
336 1478 447 1523 intellectus,
461 1477 533 1514 Contra
544 1477 636 1514 Faustum
648 1478 689 1523 XX,
701 1478 737 1514 vii:
752 1492 760 1508 ‹<
768 1477 792 1515 ab

9 1539 45 1575 hac
57 1549 136 1584 quoque
149 1538 265 1584 cogitatione
277 1548 316 1583 qua
328 1538 378 1574 ceria
390 1538 409 1573 et
420 1538 466 1573 nota
478 1547 559 1583 corpora
571 1537 641 1582 cogito,
650 1537 708 1583 longe
720 1538 792 1574 incom-

9 1598 118 1645 parabiliter
129 1597 288 1643 distatcogitatio
301 1607 339 1643 qua
352 1596 437 1643 intelligo
450 1596 545 1642 iustitiam,
560 1596 690 1633 castitatem...:
703 1607 753 1643 quae
761 1607 793 1633 co-

9 1658 82 1703 gitatio,
95 1656 151 1693 dicite
164 1657 180 1693 si
192 1657 272 1702 potestis
285 1656 341 1702 quale
354 1656 419 1691 lumen
432 1655 460 1700 sit,
473 1666 513 1701 quo
526 1655 557 1691 illa
569 1654 634 1691 omnia
643 1666 692 1701 quae
703 1656 741 1692 hoc
753 1666 793 1692 non

9 1719 59 1762 sunt,
72 1718 91 1753 et
102 1717 151 1753 inter
163 1727 183 1753 se
196 1715 334 1759 discernuntur,
347 1716 366 1751 et
378 1716 470 1761 quantum
483 1714 507 1751 ab
520 1714 558 1751 hoc
574 1714 648 1759 distent,
660 1714 699 1750 tida
715 1714 793 1751 manite-

9 1776 91 1813 statione
103 1775 231 1822 cognoscitur.
244 1775 267 1812 Et
278 1776 342 1811 tamen
357 1775 413 1810 etiarn
430 1774 467 1810 hoc
484 1773 548 1810 lumen
565 1784 605 1810 non
621 1775 650 1810 est
666 1774 730 1810 lumen
747 1774 794 1810 illud

10 1836 64 1883 quod
77 1836 131 1873 Deus
144 1837 183 1880 est;
198 1835 236 1884 lroc
253 1835 303 1871 enirn
320 1836 405 1871 creatura
421 1835 455 1878 est,
472 1835 544 1870 creator
561 1835 589 1870 est
605 1833 647 1877 ille,
664 1834 701 1869 hoc
717 1833 794 1879 tactum,

10 1896 42 1932 ille
54 1896 88 1943 qui
100 1896 155 1932 tecit:
168 1895 206 1932 lroc
221 1895 304 1940 denique
321 1894 417 1938 mutabile,
431 1893 477 1929 durn
493 1893 533 1929 vult
551 1893 604 1938 quod
622 1893 705 1937 nolebat,
724 1894 742 1929 et
760 1893 795 1930 scit

10 1956 64 2002 quod
77 1955 179 2000 nesciebat,
192 1956 211 1991 et
223 1954 348 1991 reminiscitur
365 1953 418 2000 quod
431 1952 512 1989 oblitum
527 1954 574 1996 erat3
586 1952 633 1989 illud
646 1954 709 1989 autem
722 1952 794 1990 incoin-

10 2015 97 2052 mutabili
115 2015 218 2060 voluntate,
236 2014 319 2059 veritate,
337 2012 446 2049 aeternitate
462 2011 568 2059 persistit».
584 2011 644 2057 Epist.
662 2011 745 2050 CXLVll
763 2011 795 2057 (ad

12 2074 120 2120 Paulinam)
132 2074 183 2120 xviii,
200 2075 235 2111 45:
248 2073 315 2110 caritas
331 2072 389 2110 Verbi
407 2086 415 2101 «
424 2082 473 2118 quae
489 2072 618 2117 supereminet
634 2070 728 2116 scientiae,
741 2071 795 2108 cuius

11 2134 122 2181 cognitione
135 2133 258 2180 implebimur
274 2132 293 2168 in
311 2142 389 2169 ornnem
405 2130 543 2177 plenitudinem
560 2130 602 2175 Dei,
619 2140 659 2166 non
675 2131 704 2166 est
720 2132 795 2166 nostrae

11 2194 80 2231 mentis
93 2195 135 2231 luce
147 2193 231 2238 interior,
245 2203 294 2240 quae
306 2192 338 2228 illa
352 2190 470 2227 illuminante
485 2189 578 2226 tribuitur.
591 2190 651 2226 Porro
666 2189 682 2225 si
698 2189 733 2225 ista
745 2186 795 2225 inac-

11 2254 104 2291 cessibilis
125 2256 154 2291 est
172 2253 233 2290 oculis
253 2252 320 2297 carnis,
341 2252 414 2297 quanto
432 2249 494 2296 magis
512 2249 549 2295 illa,
568 2248 613 2285 huic
631 2248 797 2295 inconparabiliter

12 2314 157 2361 supereminens
165 2303 180 2350 »ζ
194 2313 217 2350 Et
229 2312 299 2360 pluries
313 2311 333 2347 in
346 2311 377 2347 De
394 2309 440 2347 Oen.
458 2308 485 2345 ud
499 2308 542 2353 tit,
554 2308 588 2344 ubi
605 2308 687 2354 explicat
702 2308 796 2344 illumina·

12 2374 85 2411 tionem
98 2374 217 2420 angelorum,
230 2384 247 2409 v.
260 2378 282 2419 g:
292 2371 305 2417 l,
318 2371 361 2415 xvii,
374 2371 408 2413 32;
421 2369 452 2413 lli,
465 2380 497 2413 xx,
510 2369 539 2405 31.
788 2419 790 2423 .

61 2443 81 2470 c.
99 2429 184 2471 Vocatur
202 2432 235 2469 lux
254 2432 311 2469 etiam
331 2430 384 2466 «vita
402 2428 501 2465 sentiens»
521 2426 560 2473 (De
578 2427 632 2464 Gen.⁴
645 2426 703 2463 Liber
719 2426 796 2472 ImperJt
850 2437 852 2442 ¹

12 2505 29 2530 v.
43 2493 79 2539 24),
92 2495 111 2530 et
123 2493 234 2539 imaginatio
247 2484 336 2538 operatur
350 2489 408 2525 «luce
423 2488 506 2534 quadani
523 2486 637 2533 incorporali
654 2496 676 2522 ac
692 2496 742 2522 sua»
759 2484 798 2531 (De

14 2553 62 2591 Gen.
75 2554 102 2590 ad
113 2552 149 2589 Lit.
162 2552 203 2597 Xll,
216 2562 262 2597 xxx,
275 2549 312 2596 58).
