<?xml version="1.0" encoding="UTF-8"?>
<!DOCTYPE html PUBLIC "-//W3C//DTD XHTML 1.0 Transitional//EN"
    "http://www.w3.org/TR/xhtml1/DTD/xhtml1-transitional.dtd">
<html xmlns="http://www.w3.org/1999/xhtml" xml:lang="en" lang="en">
 <head>
  <title>
</title>
<meta http-equiv="Content-Type" content="text/html;charset=utf-8" />
  <meta name='ocr-system' content='tesseract 3.04.00' />
  <meta name='ocr-capabilities' content='ocr_page ocr_carea ocr_par ocr_line ocrx_word'/>
</head>
<body>
  <div class='ocr_page' id='page_1' title='image "./MN41427ucmf_7_0082.png"; bbox 0 0 1768 2978; ppageno 0'>
   <div class='ocr_carea' id='block_1_1' title="bbox 60 81 623 118">
    <p class='ocr_par' dir='ltr' id='par_1_1' title="bbox 60 81 623 118">
     <span class='ocr_line' id='line_1_1' title="bbox 60 81 623 118; baseline 0.002 -3"><span class='ocrx_word' id='word_1_1' title='bbox 60 81 82 115; x_wconf 76' lang='lat'>56</span> <span class='ocrx_word' id='word_1_2' title='bbox 125 95 127 97; x_wconf 33' lang='lat' dir='ltr'>v</span> <span class='ocrx_word' id='word_1_3' title='bbox 285 83 311 118; x_wconf 80' lang='lat'>19.</span> <span class='ocrx_word' id='word_1_4' title='bbox 325 102 332 108; x_wconf 92' lang='lat'><em>-</em></span> <span class='ocrx_word' id='word_1_5' title='bbox 346 90 372 118; x_wconf 79' lang='lat' dir='ltr'>or</span> <span class='ocrx_word' id='word_1_6' title='bbox 385 89 465 118; x_wconf 76' lang='lat' dir='ltr'>romine</span> <span class='ocrx_word' id='word_1_7' title='bbox 480 88 623 117; x_wconf 72' lang='lat' dir='ltr'>mrerrrorssrrr</span> 
     </span>
    </p>
   </div>
   <div class='ocr_carea' id='block_1_2' title="bbox 60 197 864 969">
    <p class='ocr_par' dir='ltr' id='par_1_2' title="bbox 60 197 864 969">
     <span class='ocr_line' id='line_1_2' title="bbox 115 197 848 252; baseline 0.003 -14"><span class='ocrx_word' id='word_1_8' title='bbox 115 199 148 238; x_wconf 87' lang='lat' dir='ltr'>iii.</span> <span class='ocrx_word' id='word_1_9' title='bbox 163 199 252 252; x_wconf 80' lang='lat' dir='ltr'><strong>Agitur</strong></span> <span class='ocrx_word' id='word_1_10' title='bbox 270 199 300 240; x_wconf 91' lang='lat' dir='ltr'>de</span> <span class='ocrx_word' id='word_1_11' title='bbox 317 198 499 240; x_wconf 80' lang='lat' dir='ltr'>illuminatione</span> <span class='ocrx_word' id='word_1_12' title='bbox 516 197 631 239; x_wconf 90' lang='lat' dir='ltr'>naturali.</span> <span class='ocrx_word' id='word_1_13' title='bbox 653 197 712 238; x_wconf 87' lang='lat' dir='ltr'>Eius</span> <span class='ocrx_word' id='word_1_14' title='bbox 734 197 848 240; x_wconf 84' lang='lat' dir='ltr'>ambitus.</span> 
     </span>
     <span class='ocr_line' id='line_1_3' title="bbox 60 265 846 315; baseline 0.001 -8"><span class='ocrx_word' id='word_1_15' title='bbox 60 268 94 307; x_wconf 82' lang='lat' dir='ltr'>De</span> <span class='ocrx_word' id='word_1_16' title='bbox 120 267 177 308; x_wconf 82' lang='lat' dir='ltr'>Trin.</span> <span class='ocrx_word' id='word_1_17' title='bbox 196 268 242 315; x_wconf 77' lang='lat' dir='ltr'>Xll,</span> <span class='ocrx_word' id='word_1_18' title='bbox 260 269 337 315; x_wconf 44' lang='lat' dir='ltr'>xv,*25</span> <span class='ocrx_word' id='word_1_19' title='bbox 358 267 478 314; x_wconf 74' lang='lat' dir='ltr'>&lt;refutando</span> <span class='ocrx_word' id='word_1_20' title='bbox 498 267 676 307; x_wconf 85' lang='lat' dir='ltr'>reminiscentiam</span> <span class='ocrx_word' id='word_1_21' title='bbox 694 265 846 313; x_wconf 79' lang='lat' dir='ltr'>Platonicami:</span> 
     </span>
     <span class='ocr_line' id='line_1_4' title="bbox 61 331 848 382; baseline 0 -9"><span class='ocrx_word' id='word_1_22' title='bbox 61 332 98 372; x_wconf 90' lang='lat' dir='ltr'>sed</span> <span class='ocrx_word' id='word_1_23' title='bbox 114 334 186 382; x_wconf 88' lang='lat' dir='ltr'>potius</span> <span class='ocrx_word' id='word_1_24' title='bbox 201 333 320 373; x_wconf 89' lang='lat' dir='ltr'>credendus</span> <span class='ocrx_word' id='word_1_25' title='bbox 335 336 366 373; x_wconf 89' lang='lat' dir='ltr'>est</span> <span class='ocrx_word' id='word_1_26' title='bbox 381 333 458 373; x_wconf 89' lang='lat' dir='ltr'>mentis</span> <span class='ocrx_word' id='word_1_27' title='bbox 472 332 619 373; x_wconf 87' lang='lat' dir='ltr'>intellectualis</span> <span class='ocrx_word' id='word_1_28' title='bbox 634 332 661 372; x_wconf 90' lang='lat' dir='ltr'>ita</span> <span class='ocrx_word' id='word_1_29' title='bbox 676 331 784 371; x_wconf 92' lang='lat' dir='ltr'>conditam</span> <span class='ocrx_word' id='word_1_30' title='bbox 802 345 848 373; x_wconf 87' lang='lat' dir='ltr'>esse</span> 
     </span>
     <span class='ocr_line' id='line_1_5' title="bbox 61 397 848 453; baseline 0.001 -16"><span class='ocrx_word' id='word_1_31' title='bbox 61 401 165 445; x_wconf 80' lang='lat' dir='ltr'>naturam,</span> <span class='ocrx_word' id='word_1_32' title='bbox 187 402 210 438; x_wconf 92' lang='lat' dir='ltr'>ut</span> <span class='ocrx_word' id='word_1_33' title='bbox 231 398 294 438; x_wconf 89' lang='lat' dir='ltr'>rebus</span> <span class='ocrx_word' id='word_1_34' title='bbox 316 398 484 453; x_wconf 81' lang='lat' dir='ltr'>intelligibilibus</span> <span class='ocrx_word' id='word_1_35' title='bbox 505 398 593 437; x_wconf 86' lang='lat' dir='ltr'>naturali</span> <span class='ocrx_word' id='word_1_36' title='bbox 615 397 698 444; x_wconf 83' lang='lat' dir='ltr'>ordine,</span> <span class='ocrx_word' id='word_1_37' title='bbox 722 397 848 450; x_wconf 87' lang='lat' dir='ltr'>disponente</span> 
     </span>
     <span class='ocr_line' id='line_1_6' title="bbox 61 462 864 520; baseline 0.001 -17"><span class='ocrx_word' id='word_1_38' title='bbox 61 462 187 511; x_wconf 85' lang='lat' dir='ltr'>Conditore,</span> <span class='ocrx_word' id='word_1_39' title='bbox 203 463 315 504; x_wconf 87' lang='lat' dir='ltr'>subiuncta</span> <span class='ocrx_word' id='word_1_40' title='bbox 329 463 360 503; x_wconf 90' lang='lat' dir='ltr'>sic</span> <span class='ocrx_word' id='word_1_41' title='bbox 375 464 413 503; x_wconf 91' lang='lat' dir='ltr'>ista</span> <span class='ocrx_word' id='word_1_42' title='bbox 428 463 498 503; x_wconf 90' lang='lat' dir='ltr'>videat</span> <span class='ocrx_word' id='word_1_43' title='bbox 513 463 533 502; x_wconf 94' lang='lat' dir='ltr'>in</span> <span class='ocrx_word' id='word_1_44' title='bbox 548 462 640 512; x_wconf 91' lang='lat' dir='ltr'>quadam</span> <span class='ocrx_word' id='word_1_45' title='bbox 656 462 703 501; x_wconf 86' lang='lat' dir='ltr'>luce</span> <span class='ocrx_word' id='word_1_46' title='bbox 717 463 749 502; x_wconf 90' lang='lat' dir='ltr'>sui</span> <span class='ocrx_word' id='word_1_47' title='bbox 765 464 848 512; x_wconf 88' lang='lat' dir='ltr'>generis</span> <span class='ocrx_word' id='word_1_48' title='bbox 861 515 864 520; x_wconf 19' lang='grc' dir='ltr'>ἱ</span> 
     </span>
     <span class='ocr_line' id='line_1_7' title="bbox 62 522 848 577; baseline 0.001 -10"><span class='ocrx_word' id='word_1_49' title='bbox 62 529 195 576; x_wconf 85' lang='lat' dir='ltr'>incorporea,</span> <span class='ocrx_word' id='word_1_50' title='bbox 212 528 395 577; x_wconf 86' lang='lat' dir='ltr'>quemadmodum</span> <span class='ocrx_word' id='word_1_51' title='bbox 411 528 486 568; x_wconf 91' lang='lat' dir='ltr'>oculus</span> <span class='ocrx_word' id='word_1_52' title='bbox 501 528 569 571; x_wconf 85' lang='lat' dir='ltr'>carnis</span> <span class='ocrx_word' id='word_1_53' title='bbox 583 527 641 567; x_wconf 88' lang='lat' dir='ltr'>videt</span> <span class='ocrx_word' id='word_1_54' title='bbox 655 539 710 576; x_wconf 91' lang='lat' dir='ltr'>quae</span> <span class='ocrx_word' id='word_1_55' title='bbox 721 528 742 567; x_wconf 94' lang='lat' dir='ltr'>in</span> <span class='ocrx_word' id='word_1_56' title='bbox 753 522 792 568; x_wconf 86' lang='lat' dir='ltr'>hac</span> <span class='ocrx_word' id='word_1_57' title='bbox 802 540 848 568; x_wconf 90' lang='lat' dir='ltr'>cor-</span> 
     </span>
     <span class='ocr_line' id='line_1_8' title="bbox 62 593 849 642; baseline 0.003 -10"><span class='ocrx_word' id='word_1_58' title='bbox 62 605 127 642; x_wconf 85' lang='lat' dir='ltr'>porea</span> <span class='ocrx_word' id='word_1_59' title='bbox 142 593 188 634; x_wconf 90' lang='lat' dir='ltr'>luce</span> <span class='ocrx_word' id='word_1_60' title='bbox 203 594 360 642; x_wconf 85' lang='lat' dir='ltr'>circumiacent,</span> <span class='ocrx_word' id='word_1_61' title='bbox 377 594 437 634; x_wconf 89' lang='lat' dir='ltr'>cuius</span> <span class='ocrx_word' id='word_1_62' title='bbox 452 593 504 633; x_wconf 85' lang='lat' dir='ltr'>luris</span> <span class='ocrx_word' id='word_1_63' title='bbox 519 605 585 642; x_wconf 84' lang='lat' dir='ltr'>capax</span> <span class='ocrx_word' id='word_1_64' title='bbox 600 594 662 642; x_wconf 85' lang='lat' dir='ltr'>eique</span> <span class='ocrx_word' id='word_1_65' title='bbox 679 604 801 642; x_wconf 83' lang='lat' dir='ltr'>congruens</span> <span class='ocrx_word' id='word_1_66' title='bbox 812 597 849 634; x_wconf 64' lang='lat' dir='ltr'>&#39;est</span> 
     </span>
     <span class='ocr_line' id='line_1_9' title="bbox 62 657 849 708; baseline 0.003 -11"><span class='ocrx_word' id='word_1_67' title='bbox 62 661 169 699; x_wconf 89' lang='lat' dir='ltr'>creatus...</span> <span class='ocrx_word' id='word_1_68' title='bbox 186 659 284 708; x_wconf 87' lang='lat' dir='ltr'>Denique</span> <span class='ocrx_word' id='word_1_69' title='bbox 298 671 336 699; x_wconf 92' lang='lat' dir='ltr'>cur</span> <span class='ocrx_word' id='word_1_70' title='bbox 350 660 376 699; x_wconf 91' lang='lat' dir='ltr'>de</span> <span class='ocrx_word' id='word_1_71' title='bbox 391 658 516 699; x_wconf 90' lang='lat' dir='ltr'>solisrebus</span> <span class='ocrx_word' id='word_1_72' title='bbox 527 657 695 707; x_wconf 81' lang='lat' dir='ltr'>intelligibilibus</span> <span class='ocrx_word' id='word_1_73' title='bbox 710 658 731 697; x_wconf 91' lang='lat' dir='ltr'>id</span> <span class='ocrx_word' id='word_1_74' title='bbox 746 658 791 698; x_wconf 81' lang='lat' dir='ltr'>lieri</span> <span class='ocrx_word' id='word_1_75' title='bbox 803 661 849 708; x_wconf 89' lang='lat' dir='ltr'>pot-</span> 
     </span>
     <span class='ocr_line' id='line_1_10' title="bbox 62 723 850 778; baseline 0.001 -15"><span class='ocrx_word' id='word_1_76' title='bbox 62 726 101 770; x_wconf 91' lang='lat' dir='ltr'>est,</span> <span class='ocrx_word' id='word_1_77' title='bbox 117 726 139 763; x_wconf 93' lang='lat' dir='ltr'>ut</span> <span class='ocrx_word' id='word_1_78' title='bbox 154 724 208 764; x_wconf 91' lang='lat' dir='ltr'>bene</span> <span class='ocrx_word' id='word_1_79' title='bbox 224 725 366 778; x_wconf 88' lang='lat' dir='ltr'>interrogatus</span> <span class='ocrx_word' id='word_1_80' title='bbox 381 725 472 773; x_wconf 92' lang='lat' dir='ltr'>quisque</span> <span class='ocrx_word' id='word_1_81' title='bbox 490 724 617 772; x_wconf 82' lang='lat' dir='ltr'>respondeat</span> <span class='ocrx_word' id='word_1_82' title='bbox 636 723 694 772; x_wconf 90' lang='lat' dir='ltr'>quod</span> <span class='ocrx_word' id='word_1_83' title='bbox 705 723 732 762; x_wconf 88' lang='lat' dir='ltr'>ad</span> <span class='ocrx_word' id='word_1_84' title='bbox 742 734 850 773; x_wconf 90' lang='lat' dir='ltr'>quamque</span> 
     </span>
     <span class='ocr_line' id='line_1_11' title="bbox 63 787 850 838; baseline 0.001 -10"><span class='ocrx_word' id='word_1_85' title='bbox 63 789 153 837; x_wconf 88' lang='lat' dir='ltr'>pertinet</span> <span class='ocrx_word' id='word_1_86' title='bbox 168 789 310 838; x_wconf 76' lang='lat' dir='ltr'>disciplinam,</span> <span class='ocrx_word' id='word_1_87' title='bbox 326 790 408 829; x_wconf 86' lang='lat' dir='ltr'>etiamsi</span> <span class='ocrx_word' id='word_1_88' title='bbox 424 790 469 829; x_wconf 90' lang='lat' dir='ltr'>eius</span> <span class='ocrx_word' id='word_1_89' title='bbox 484 789 570 838; x_wconf 89' lang='lat' dir='ltr'>ignarus</span> <span class='ocrx_word' id='word_1_90' title='bbox 587 790 633 828; x_wconf 80' lang='lat' dir='ltr'>est?</span> <span class='ocrx_word' id='word_1_91' title='bbox 655 788 699 828; x_wconf 93' lang='lat' dir='ltr'>Cur</span> <span class='ocrx_word' id='word_1_92' title='bbox 720 787 762 828; x_wconf 89' lang='lat' dir='ltr'>hoc</span> <span class='ocrx_word' id='word_1_93' title='bbox 776 788 850 829; x_wconf 86' lang='lat' dir='ltr'>iacere</span> 
     </span>
     <span class='ocr_line' id='line_1_12' title="bbox 64 853 851 904; baseline 0.003 -12"><span class='ocrx_word' id='word_1_94' title='bbox 64 854 90 893; x_wconf 85' lang='lat' dir='ltr'>de</span> <span class='ocrx_word' id='word_1_95' title='bbox 105 853 168 894; x_wconf 91' lang='lat' dir='ltr'>rebus</span> <span class='ocrx_word' id='word_1_96' title='bbox 182 854 319 895; x_wconf 88' lang='lat' dir='ltr'>sensibilibus</span> <span class='ocrx_word' id='word_1_97' title='bbox 330 855 400 895; x_wconf 92' lang='lat' dir='ltr'>nullus</span> <span class='ocrx_word' id='word_1_98' title='bbox 411 857 488 904; x_wconf 83' lang='lat' dir='ltr'>potest,</span> <span class='ocrx_word' id='word_1_99' title='bbox 501 854 539 893; x_wconf 89' lang='lat' dir='ltr'>nisi</span> <span class='ocrx_word' id='word_1_100' title='bbox 551 866 604 903; x_wconf 92' lang='lat' dir='ltr'>quas</span> <span class='ocrx_word' id='word_1_101' title='bbox 615 855 655 894; x_wconf 92' lang='lat' dir='ltr'>isto</span> <span class='ocrx_word' id='word_1_102' title='bbox 666 854 718 893; x_wconf 91' lang='lat' dir='ltr'>vidit</span> <span class='ocrx_word' id='word_1_103' title='bbox 728 854 749 893; x_wconf 90' lang='lat' dir='ltr'>in</span> <span class='ocrx_word' id='word_1_104' title='bbox 760 866 851 903; x_wconf 86' lang='lat' dir='ltr'>corpore</span> 
     </span>
     <span class='ocr_line' id='line_1_13' title="bbox 63 919 851 969; baseline 0 -10"><span class='ocrx_word' id='word_1_105' title='bbox 63 920 197 967; x_wconf 79' lang='lat' dir='ltr'>constitutus,</span> <span class='ocrx_word' id='word_1_106' title='bbox 207 923 242 960; x_wconf 82' lang='lat' dir='ltr'>aut</span> <span class='ocrx_word' id='word_1_107' title='bbox 250 921 280 960; x_wconf 94' lang='lat' dir='ltr'>eis</span> <span class='ocrx_word' id='word_1_108' title='bbox 291 932 345 969; x_wconf 87' lang='lat' dir='ltr'>quae</span> <span class='ocrx_word' id='word_1_109' title='bbox 355 922 458 960; x_wconf 89' lang='lat' dir='ltr'>noverant</span> <span class='ocrx_word' id='word_1_110' title='bbox 469 919 610 960; x_wconf 87' lang='lat' dir='ltr'>indicantibus</span> <span class='ocrx_word' id='word_1_111' title='bbox 620 919 717 966; x_wconf 74' lang='lat' dir='ltr'>credidit.</span> <span class='ocrx_word' id='word_1_112' title='bbox 729 931 766 959; x_wconf 88' lang='lat' dir='ltr'>scu</span> <span class='ocrx_word' id='word_1_113' title='bbox 777 919 851 959; x_wconf 88' lang='lat' dir='ltr'>litteris</span> 
     </span>
    </p>
   </div>
   <div class='ocr_carea' id='block_1_3' title="bbox 8 985 317 1033">
    <p class='ocr_par' dir='ltr' id='par_1_3' title="bbox 8 985 317 1033">
     <span class='ocr_line' id='line_1_14' title="bbox 8 985 317 1033; baseline 0.01 -11"><span class='ocrx_word' id='word_1_114' title='bbox 8 1022 11 1030; x_wconf 20' lang='lat' dir='ltr'>A</span> <span class='ocrx_word' id='word_1_115' title='bbox 64 985 167 1033; x_wconf 91' lang='lat' dir='ltr'>cuiusque</span> <span class='ocrx_word' id='word_1_116' title='bbox 181 997 219 1025; x_wconf 90' lang='lat' dir='ltr'>seu</span> <span class='ocrx_word' id='word_1_117' title='bbox 234 985 317 1025; x_wconf 79' lang='lat' dir='ltr'>verbis?</span> 
     </span>
    </p>
   </div>
   <div class='ocr_carea' id='block_1_4' title="bbox 65 1048 870 2604">
    <p class='ocr_par' dir='ltr' id='par_1_4' title="bbox 65 1048 870 2604">
     <span class='ocr_line' id='line_1_15' title="bbox 117 1048 850 1100; baseline 0 -11"><span class='ocrx_word' id='word_1_118' title='bbox 117 1050 151 1089; x_wconf 86' lang='lat' dir='ltr'>De</span> <span class='ocrx_word' id='word_1_119' title='bbox 168 1051 225 1090; x_wconf 84' lang='lat' dir='ltr'>Trin.</span> <span class='ocrx_word' id='word_1_120' title='bbox 241 1051 296 1097; x_wconf 83' lang='lat' dir='ltr'>xlv,</span> <span class='ocrx_word' id='word_1_121' title='bbox 312 1063 346 1097; x_wconf 69' lang='grc' dir='ltr'>κν,</span> <span class='ocrx_word' id='word_1_122' title='bbox 362 1052 385 1090; x_wconf 87' lang='grc'>21</span> <span class='ocrx_word' id='word_1_123' title='bbox 410 1048 462 1099; x_wconf 80' lang='lat' dir='ltr'>(quo</span> <span class='ocrx_word' id='word_1_124' title='bbox 478 1062 541 1090; x_wconf 87' lang='lat' dir='ltr'>sensu</span> <span class='ocrx_word' id='word_1_125' title='bbox 558 1051 629 1090; x_wconf 87' lang='lat' dir='ltr'>anima</span> <span class='ocrx_word' id='word_1_126' title='bbox 647 1050 734 1100; x_wconf 90' lang='lat' dir='ltr'>Domini</span> <span class='ocrx_word' id='word_1_127' title='bbox 757 1049 796 1090; x_wconf 87' lang='lat' dir='ltr'>Dei</span> <span class='ocrx_word' id='word_1_128' title='bbox 818 1051 850 1090; x_wconf 89' lang='lat' dir='ltr'>sui</span> 
     </span>
     <span class='ocr_line' id='line_1_16' title="bbox 65 1113 850 1162; baseline 0.001 -9"><span class='ocrx_word' id='word_1_129' title='bbox 65 1113 226 1161; x_wconf 80' lang='lat' dir='ltr'>reminisciturl:</span> <span class='ocrx_word' id='word_1_130' title='bbox 243 1115 284 1155; x_wconf 89' lang='lat' dir='ltr'>Sed</span> <span class='ocrx_word' id='word_1_131' title='bbox 299 1114 481 1155; x_wconf 87' lang='lat' dir='ltr'>commemoratur</span> <span class='ocrx_word' id='word_1_132' title='bbox 496 1118 518 1154; x_wconf 92' lang='lat' dir='ltr'>ut</span> <span class='ocrx_word' id='word_1_133' title='bbox 533 1117 668 1155; x_wconf 89' lang='lat' dir='ltr'>convertatur</span> <span class='ocrx_word' id='word_1_134' title='bbox 682 1115 708 1154; x_wconf 93' lang='lat' dir='ltr'>ad</span> <span class='ocrx_word' id='word_1_135' title='bbox 724 1115 850 1162; x_wconf 87' lang='lat' dir='ltr'>Dominum,</span> 
     </span>
     <span class='ocr_line' id='line_1_17' title="bbox 65 1180 851 1230; baseline 0.001 -11"><span class='ocrx_word' id='word_1_136' title='bbox 65 1181 165 1228; x_wconf 88' lang='lat' dir='ltr'>tanquam</span> <span class='ocrx_word' id='word_1_137' title='bbox 181 1181 207 1220; x_wconf 92' lang='lat' dir='ltr'>ad</span> <span class='ocrx_word' id='word_1_138' title='bbox 223 1192 269 1220; x_wconf 91' lang='lat' dir='ltr'>eam</span> <span class='ocrx_word' id='word_1_139' title='bbox 285 1180 353 1220; x_wconf 89' lang='lat' dir='ltr'>lucem</span> <span class='ocrx_word' id='word_1_140' title='bbox 369 1192 411 1230; x_wconf 88' lang='lat' dir='ltr'>qua</span> <span class='ocrx_word' id='word_1_141' title='bbox 427 1181 489 1220; x_wconf 92' lang='lat' dir='ltr'>etiam</span> <span class='ocrx_word' id='word_1_142' title='bbox 505 1192 553 1220; x_wconf 91' lang='lat' dir='ltr'>cum</span> <span class='ocrx_word' id='word_1_143' title='bbox 567 1180 593 1220; x_wconf 94' lang='lat' dir='ltr'>ab</span> <span class='ocrx_word' id='word_1_144' title='bbox 604 1180 640 1220; x_wconf 94' lang='lat' dir='ltr'>illo</span> <span class='ocrx_word' id='word_1_145' title='bbox 651 1182 787 1228; x_wconf 80' lang='lat' dir='ltr'>averteretur,</span> <span class='ocrx_word' id='word_1_146' title='bbox 799 1192 851 1230; x_wconf 91' lang='lat' dir='ltr'>quo·</span> 
     </span>
     <span class='ocr_line' id='line_1_18' title="bbox 66 1245 853 1295; baseline 0.001 -11"><span class='ocrx_word' id='word_1_147' title='bbox 66 1245 114 1284; x_wconf 91' lang='lat' dir='ltr'>dam</span> <span class='ocrx_word' id='word_1_148' title='bbox 131 1246 197 1286; x_wconf 87' lang='lat' dir='ltr'>modo</span> <span class='ocrx_word' id='word_1_149' title='bbox 212 1245 345 1295; x_wconf 80' lang='lat' dir='ltr'>tangebatur.</span> <span class='ocrx_word' id='word_1_150' title='bbox 362 1247 417 1286; x_wconf 88' lang='lat' dir='ltr'>Nam</span> <span class='ocrx_word' id='word_1_151' title='bbox 433 1246 482 1286; x_wconf 91' lang='lat' dir='ltr'>hinc</span> <span class='ocrx_word' id='word_1_152' title='bbox 496 1248 528 1286; x_wconf 92' lang='lat' dir='ltr'>est</span> <span class='ocrx_word' id='word_1_153' title='bbox 542 1246 601 1294; x_wconf 92' lang='lat' dir='ltr'>quod</span> <span class='ocrx_word' id='word_1_154' title='bbox 612 1247 675 1286; x_wconf 88' lang='lat' dir='ltr'>etiam</span> <span class='ocrx_word' id='word_1_155' title='bbox 687 1246 746 1295; x_wconf 87' lang='lat' dir='ltr'>impii</span> <span class='ocrx_word' id='word_1_156' title='bbox 758 1247 853 1295; x_wconf 90' lang='lat' dir='ltr'>cogitant</span> 
     </span>
     <span class='ocr_line' id='line_1_19' title="bbox 66 1311 852 1361; baseline 0.001 -11"><span class='ocrx_word' id='word_1_157' title='bbox 66 1311 218 1359; x_wconf 80' lang='lat' dir='ltr'>aeternitatem,</span> <span class='ocrx_word' id='word_1_158' title='bbox 234 1314 255 1351; x_wconf 95' lang='lat' dir='ltr'>et</span> <span class='ocrx_word' id='word_1_159' title='bbox 269 1312 335 1351; x_wconf 89' lang='lat' dir='ltr'>multa</span> <span class='ocrx_word' id='word_1_160' title='bbox 350 1315 405 1352; x_wconf 91' lang='lat' dir='ltr'>recte</span> <span class='ocrx_word' id='word_1_161' title='bbox 423 1311 581 1361; x_wconf 87' lang='lat' dir='ltr'>reprehendunt</span> <span class='ocrx_word' id='word_1_162' title='bbox 602 1314 701 1360; x_wconf 90' lang='lat' dir='ltr'>recteque</span> <span class='ocrx_word' id='word_1_163' title='bbox 723 1311 809 1351; x_wconf 89' lang='lat' dir='ltr'>laudant</span> <span class='ocrx_word' id='word_1_164' title='bbox 831 1312 852 1351; x_wconf 94' lang='lat' dir='ltr'>in</span> 
     </span>
     <span class='ocr_line' id='line_1_20' title="bbox 66 1375 854 1427; baseline 0.003 -12"><span class='ocrx_word' id='word_1_165' title='bbox 66 1375 177 1416; x_wconf 87' lang='lat' dir='ltr'>bominum</span> <span class='ocrx_word' id='word_1_166' title='bbox 194 1377 297 1417; x_wconf 89' lang='lat' dir='ltr'>moribus.</span> <span class='ocrx_word' id='word_1_167' title='bbox 313 1376 398 1424; x_wconf 87' lang='lat' dir='ltr'>Quibus</span> <span class='ocrx_word' id='word_1_168' title='bbox 413 1390 437 1417; x_wconf 87' lang='lat' dir='ltr'>ea</span> <span class='ocrx_word' id='word_1_169' title='bbox 452 1377 537 1417; x_wconf 90' lang='lat' dir='ltr'>tandem</span> <span class='ocrx_word' id='word_1_170' title='bbox 553 1377 632 1427; x_wconf 90' lang='lat' dir='ltr'>regulis</span> <span class='ocrx_word' id='word_1_171' title='bbox 650 1377 750 1426; x_wconf 86' lang='lat' dir='ltr'>iudicant,</span> <span class='ocrx_word' id='word_1_172' title='bbox 769 1378 809 1417; x_wconf 92' lang='lat' dir='ltr'>nisi</span> <span class='ocrx_word' id='word_1_173' title='bbox 832 1377 854 1417; x_wconf 93' lang='lat' dir='ltr'>in</span> 
     </span>
     <span class='ocr_line' id='line_1_21' title="bbox 67 1441 852 1492; baseline 0.004 -12"><span class='ocrx_word' id='word_1_174' title='bbox 67 1441 143 1490; x_wconf 84' lang='lat' dir='ltr'>quibus</span> <span class='ocrx_word' id='word_1_175' title='bbox 161 1443 232 1483; x_wconf 89' lang='lat' dir='ltr'>vident</span> <span class='ocrx_word' id='word_1_176' title='bbox 254 1442 436 1492; x_wconf 84' lang='lat' dir='ltr'>quemadmodum</span> <span class='ocrx_word' id='word_1_177' title='bbox 459 1444 550 1492; x_wconf 85' lang='lat' dir='ltr'>quisque</span> <span class='ocrx_word' id='word_1_178' title='bbox 571 1444 641 1483; x_wconf 90' lang='lat' dir='ltr'>vivere</span> <span class='ocrx_word' id='word_1_179' title='bbox 663 1442 747 1490; x_wconf 79' lang='lat' dir='ltr'>debeat,</span> <span class='ocrx_word' id='word_1_180' title='bbox 770 1443 852 1483; x_wconf 90' lang='lat' dir='ltr'>etiamsi</span> 
     </span>
     <span class='ocr_line' id='line_1_22' title="bbox 67 1508 853 1558; baseline 0.003 -13"><span class='ocrx_word' id='word_1_181' title='bbox 67 1518 106 1546; x_wconf 93' lang='lat' dir='ltr'>nec</span> <span class='ocrx_word' id='word_1_182' title='bbox 121 1508 160 1556; x_wconf 88' lang='lat' dir='ltr'>ipsi</span> <span class='ocrx_word' id='word_1_183' title='bbox 177 1509 253 1549; x_wconf 89' lang='lat' dir='ltr'>eodem</span> <span class='ocrx_word' id='word_1_184' title='bbox 269 1509 335 1549; x_wconf 92' lang='lat' dir='ltr'>modo</span> <span class='ocrx_word' id='word_1_185' title='bbox 350 1510 434 1549; x_wconf 83' lang='lat' dir='ltr'>vivant?</span> <span class='ocrx_word' id='word_1_186' title='bbox 449 1508 491 1550; x_wconf 86' lang='lat' dir='ltr'>Ubi</span> <span class='ocrx_word' id='word_1_187' title='bbox 507 1520 543 1548; x_wconf 85' lang='lat' dir='ltr'>eas</span> <span class='ocrx_word' id='word_1_188' title='bbox 560 1510 647 1549; x_wconf 90' lang='lat' dir='ltr'>vident?</span> <span class='ocrx_word' id='word_1_189' title='bbox 664 1510 739 1558; x_wconf 89' lang='lat' dir='ltr'>Neque</span> <span class='ocrx_word' id='word_1_190' title='bbox 757 1510 813 1553; x_wconf 87' lang='lat' dir='ltr'>enim</span> <span class='ocrx_word' id='word_1_191' title='bbox 832 1509 853 1548; x_wconf 93' lang='lat' dir='ltr'>in</span> 
     </span>
     <span class='ocr_line' id='line_1_23' title="bbox 67 1574 853 1624; baseline 0.004 -13"><span class='ocrx_word' id='word_1_192' title='bbox 67 1583 105 1611; x_wconf 89' lang='lat' dir='ltr'>sua</span> <span class='ocrx_word' id='word_1_193' title='bbox 119 1577 200 1621; x_wconf 89' lang='lat' dir='ltr'>natura,</span> <span class='ocrx_word' id='word_1_194' title='bbox 216 1586 264 1614; x_wconf 90' lang='lat' dir='ltr'>cum</span> <span class='ocrx_word' id='word_1_195' title='bbox 281 1574 354 1623; x_wconf 87' lang='lat' dir='ltr'>procul</span> <span class='ocrx_word' id='word_1_196' title='bbox 370 1574 436 1614; x_wconf 90' lang='lat' dir='ltr'>dubio</span> <span class='ocrx_word' id='word_1_197' title='bbox 452 1577 522 1614; x_wconf 91' lang='lat' dir='ltr'>mente</span> <span class='ocrx_word' id='word_1_198' title='bbox 538 1575 576 1615; x_wconf 90' lang='lat' dir='ltr'>ista</span> <span class='ocrx_word' id='word_1_199' title='bbox 595 1575 714 1621; x_wconf 89' lang='lat' dir='ltr'>videantur,</span> <span class='ocrx_word' id='word_1_200' title='bbox 735 1586 853 1624; x_wconf 89' lang='lat' dir='ltr'>eorumque</span> 
     </span>
     <span class='ocr_line' id='line_1_24' title="bbox 68 1640 854 1689; baseline 0.004 -12"><span class='ocrx_word' id='word_1_201' title='bbox 68 1641 149 1678; x_wconf 88' lang='lat' dir='ltr'>mentes</span> <span class='ocrx_word' id='word_1_202' title='bbox 164 1642 246 1679; x_wconf 90' lang='lat' dir='ltr'>constat</span> <span class='ocrx_word' id='word_1_203' title='bbox 263 1651 308 1679; x_wconf 90' lang='lat' dir='ltr'>esse</span> <span class='ocrx_word' id='word_1_204' title='bbox 330 1640 450 1687; x_wconf 88' lang='lat' dir='ltr'>mutabiles,</span> <span class='ocrx_word' id='word_1_205' title='bbox 473 1640 511 1679; x_wconf 80' lang='lat' dir='ltr'>tras</span> <span class='ocrx_word' id='word_1_206' title='bbox 532 1652 582 1680; x_wconf 89' lang='lat' dir='ltr'>vero</span> <span class='ocrx_word' id='word_1_207' title='bbox 605 1640 689 1689; x_wconf 90' lang='lat' dir='ltr'>regulas</span> <span class='ocrx_word' id='word_1_208' title='bbox 710 1640 854 1680; x_wconf 87' lang='lat' dir='ltr'>immutabiles</span> 
     </span>
     <span class='ocr_line' id='line_1_25' title="bbox 68 1703 853 1754; baseline -0.003 -8"><span class='ocrx_word' id='word_1_209' title='bbox 68 1703 139 1746; x_wconf 91' lang='lat' dir='ltr'>videat</span> <span class='ocrx_word' id='word_1_210' title='bbox 153 1705 249 1754; x_wconf 89' lang='lat' dir='ltr'>quisquis</span> <span class='ocrx_word' id='word_1_211' title='bbox 265 1705 285 1744; x_wconf 89' lang='lat' dir='ltr'>in</span> <span class='ocrx_word' id='word_1_212' title='bbox 300 1705 330 1744; x_wconf 93' lang='lat' dir='ltr'>eis</span> <span class='ocrx_word' id='word_1_213' title='bbox 345 1708 365 1745; x_wconf 94' lang='lat' dir='ltr'>et</span> <span class='ocrx_word' id='word_1_214' title='bbox 380 1705 421 1745; x_wconf 91' lang='lat' dir='ltr'>hoc</span> <span class='ocrx_word' id='word_1_215' title='bbox 435 1705 507 1745; x_wconf 89' lang='lat' dir='ltr'>videre</span> <span class='ocrx_word' id='word_1_216' title='bbox 523 1706 625 1754; x_wconf 89' lang='lat' dir='ltr'>potuerit;</span> <span class='ocrx_word' id='word_1_217' title='bbox 638 1717 677 1745; x_wconf 89' lang='lat' dir='ltr'>nec</span> <span class='ocrx_word' id='word_1_218' title='bbox 688 1706 708 1745; x_wconf 94' lang='lat' dir='ltr'>in</span> <span class='ocrx_word' id='word_1_219' title='bbox 719 1704 793 1746; x_wconf 85' lang='lat' dir='ltr'>habitu</span> <span class='ocrx_word' id='word_1_220' title='bbox 803 1717 853 1745; x_wconf 88' lang='lat' dir='ltr'>suae</span> 
     </span>
     <span class='ocr_line' id='line_1_26' title="bbox 69 1770 854 1819; baseline 0 -8"><span class='ocrx_word' id='word_1_221' title='bbox 69 1771 152 1817; x_wconf 80' lang='lat' dir='ltr'>mentis,</span> <span class='ocrx_word' id='word_1_222' title='bbox 168 1782 216 1810; x_wconf 92' lang='lat' dir='ltr'>cum</span> <span class='ocrx_word' id='word_1_223' title='bbox 232 1770 279 1810; x_wconf 91' lang='lat' dir='ltr'>illae</span> <span class='ocrx_word' id='word_1_224' title='bbox 294 1770 379 1819; x_wconf 88' lang='lat' dir='ltr'>regulae</span> <span class='ocrx_word' id='word_1_225' title='bbox 394 1771 435 1810; x_wconf 89' lang='lat' dir='ltr'>sint</span> <span class='ocrx_word' id='word_1_226' title='bbox 450 1771 548 1818; x_wconf 87' lang='lat' dir='ltr'>iustitiae,</span> <span class='ocrx_word' id='word_1_227' title='bbox 565 1774 646 1811; x_wconf 91' lang='lat' dir='ltr'>mentes</span> <span class='ocrx_word' id='word_1_228' title='bbox 656 1782 707 1811; x_wconf 88' lang='lat' dir='ltr'>vero</span> <span class='ocrx_word' id='word_1_229' title='bbox 718 1782 793 1810; x_wconf 92' lang='lat' dir='ltr'>eorum</span> <span class='ocrx_word' id='word_1_230' title='bbox 804 1782 854 1811; x_wconf 91' lang='lat' dir='ltr'>con-</span> 
     </span>
     <span class='ocr_line' id='line_1_27' title="bbox 69 1835 854 1886; baseline -0.003 -9"><span class='ocrx_word' id='word_1_231' title='bbox 69 1839 108 1877; x_wconf 87' lang='lat' dir='ltr'>stet</span> <span class='ocrx_word' id='word_1_232' title='bbox 123 1848 169 1876; x_wconf 90' lang='lat' dir='ltr'>esse</span> <span class='ocrx_word' id='word_1_233' title='bbox 184 1836 278 1875; x_wconf 88' lang='lat' dir='ltr'>iniustas.</span> <span class='ocrx_word' id='word_1_234' title='bbox 294 1835 387 1876; x_wconf 90' lang='lat' dir='ltr'>Ubinam</span> <span class='ocrx_word' id='word_1_235' title='bbox 402 1839 451 1876; x_wconf 93' lang='lat' dir='ltr'>sunt</span> <span class='ocrx_word' id='word_1_236' title='bbox 466 1837 517 1876; x_wconf 90' lang='lat' dir='ltr'>istae</span> <span class='ocrx_word' id='word_1_237' title='bbox 533 1836 618 1886; x_wconf 89' lang='lat' dir='ltr'>regulae</span> <span class='ocrx_word' id='word_1_238' title='bbox 633 1837 731 1886; x_wconf 83' lang='lat' dir='ltr'>scriptae,</span> <span class='ocrx_word' id='word_1_239' title='bbox 748 1836 784 1877; x_wconf 90' lang='lat' dir='ltr'>ubi</span> <span class='ocrx_word' id='word_1_240' title='bbox 802 1835 854 1885; x_wconf 92' lang='lat' dir='ltr'>quid</span> 
     </span>
     <span class='ocr_line' id='line_1_28' title="bbox 69 1901 854 1951; baseline -0.003 -8"><span class='ocrx_word' id='word_1_241' title='bbox 69 1904 95 1943; x_wconf 89' lang='lat' dir='ltr'>sit</span> <span class='ocrx_word' id='word_1_242' title='bbox 110 1903 187 1941; x_wconf 91' lang='lat' dir='ltr'>iustum</span> <span class='ocrx_word' id='word_1_243' title='bbox 203 1904 223 1941; x_wconf 89' lang='lat' dir='ltr'>et</span> <span class='ocrx_word' id='word_1_244' title='bbox 237 1902 326 1941; x_wconf 87' lang='lat' dir='ltr'>iniustus</span> <span class='ocrx_word' id='word_1_245' title='bbox 341 1903 445 1951; x_wconf 84' lang='lat' dir='ltr'>agnoscit,</span> <span class='ocrx_word' id='word_1_246' title='bbox 461 1901 496 1942; x_wconf 89' lang='lat' dir='ltr'>ubi</span> <span class='ocrx_word' id='word_1_247' title='bbox 513 1903 579 1942; x_wconf 86' lang='lat' dir='ltr'>cernit</span> <span class='ocrx_word' id='word_1_248' title='bbox 593 1902 716 1942; x_wconf 87' lang='lat' dir='ltr'>habendum</span> <span class='ocrx_word' id='word_1_249' title='bbox 732 1914 778 1942; x_wconf 89' lang='lat' dir='ltr'>csse</span> <span class='ocrx_word' id='word_1_250' title='bbox 795 1902 854 1951; x_wconf 90' lang='lat' dir='ltr'>quod</span> 
     </span>
     <span class='ocr_line' id='line_1_29' title="bbox 70 1966 855 2022; baseline -0.001 -14"><span class='ocrx_word' id='word_1_251' title='bbox 70 1969 115 2017; x_wconf 84' lang='lat' dir='ltr'>ipse</span> <span class='ocrx_word' id='word_1_252' title='bbox 130 1979 172 2022; x_wconf 86' lang='lat' dir='ltr'>non</span> <span class='ocrx_word' id='word_1_253' title='bbox 187 1967 265 2007; x_wconf 81' lang='lat' dir='ltr'>hahet?</span> <span class='ocrx_word' id='word_1_254' title='bbox 280 1966 322 2007; x_wconf 90' lang='lat' dir='ltr'>Ubi</span> <span class='ocrx_word' id='word_1_255' title='bbox 338 1979 389 2016; x_wconf 89' lang='lat' dir='ltr'>ergo</span> <span class='ocrx_word' id='word_1_256' title='bbox 404 1968 494 2017; x_wconf 89' lang='lat' dir='ltr'>scriptae</span> <span class='ocrx_word' id='word_1_257' title='bbox 509 1970 565 2016; x_wconf 90' lang='lat' dir='ltr'>suni,</span> <span class='ocrx_word' id='word_1_258' title='bbox 581 1969 620 2008; x_wconf 91' lang='lat' dir='ltr'>nisi</span> <span class='ocrx_word' id='word_1_259' title='bbox 637 1969 657 2007; x_wconf 90' lang='lat' dir='ltr'>in</span> <span class='ocrx_word' id='word_1_260' title='bbox 670 1967 725 2008; x_wconf 91' lang='lat' dir='ltr'>libro</span> <span class='ocrx_word' id='word_1_261' title='bbox 736 1968 789 2009; x_wconf 91' lang='lat' dir='ltr'>lucis</span> <span class='ocrx_word' id='word_1_262' title='bbox 800 1968 855 2008; x_wconf 90' lang='lat' dir='ltr'>iliius</span> 
     </span>
     <span class='ocr_line' id='line_1_30' title="bbox 71 2032 856 2082; baseline 0.001 -11"><span class='ocrx_word' id='word_1_263' title='bbox 71 2045 124 2082; x_wconf 89' lang='lat' dir='ltr'>quae</span> <span class='ocrx_word' id='word_1_264' title='bbox 139 2033 214 2072; x_wconf 89' lang='lat' dir='ltr'>veritas</span> <span class='ocrx_word' id='word_1_265' title='bbox 229 2032 319 2072; x_wconf 85' lang='lat' dir='ltr'>dicitur?</span> <span class='ocrx_word' id='word_1_266' title='bbox 334 2033 390 2073; x_wconf 86' lang='lat' dir='ltr'>unde</span> <span class='ocrx_word' id='word_1_267' title='bbox 405 2033 475 2073; x_wconf 90' lang='lat' dir='ltr'>omnis</span> <span class='ocrx_word' id='word_1_268' title='bbox 490 2033 522 2072; x_wconf 89' lang='lat' dir='ltr'>lex</span> <span class='ocrx_word' id='word_1_269' title='bbox 537 2033 591 2074; x_wconf 90' lang='lat' dir='ltr'>iusta</span> <span class='ocrx_word' id='word_1_270' title='bbox 606 2033 740 2080; x_wconf 84' lang='lat' dir='ltr'>describitur,</span> <span class='ocrx_word' id='word_1_271' title='bbox 756 2036 776 2074; x_wconf 89' lang='lat' dir='ltr'>et</span> <span class='ocrx_word' id='word_1_272' title='bbox 787 2034 807 2073; x_wconf 91' lang='lat' dir='ltr'>in</span> <span class='ocrx_word' id='word_1_273' title='bbox 818 2045 856 2073; x_wconf 87' lang='lat' dir='ltr'>cor</span> 
     </span>
     <span class='ocr_line' id='line_1_31' title="bbox 70 2090 870 2148; baseline 0.004 -11"><span class='ocrx_word' id='word_1_274' title='bbox 70 2098 162 2138; x_wconf 90' lang='lat' dir='ltr'>hominis</span> <span class='ocrx_word' id='word_1_275' title='bbox 177 2098 212 2146; x_wconf 94' lang='lat' dir='ltr'>qui</span> <span class='ocrx_word' id='word_1_276' title='bbox 228 2100 327 2146; x_wconf 87' lang='lat' dir='ltr'>operatur</span> <span class='ocrx_word' id='word_1_277' title='bbox 342 2098 449 2145; x_wconf 84' lang='lat' dir='ltr'>iustitiam,</span> <span class='ocrx_word' id='word_1_278' title='bbox 466 2110 509 2138; x_wconf 91' lang='lat' dir='ltr'>non</span> <span class='ocrx_word' id='word_1_279' title='bbox 525 2099 646 2148; x_wconf 90' lang='lat' dir='ltr'>migrando,</span> <span class='ocrx_word' id='word_1_280' title='bbox 656 2099 694 2139; x_wconf 92' lang='lat' dir='ltr'>sed</span> <span class='ocrx_word' id='word_1_281' title='bbox 704 2101 805 2148; x_wconf 87' lang='lat' dir='ltr'>tanquam</span> <span class='ocrx_word' id='word_1_282' title='bbox 817 2090 870 2141; x_wconf 73' lang='lat' dir='ltr'>im-&#39;,</span> 
     </span>
     <span class='ocr_line' id='line_1_32' title="bbox 71 2162 856 2213; baseline 0.004 -12"><span class='ocrx_word' id='word_1_283' title='bbox 71 2163 182 2211; x_wconf 87' lang='lat' dir='ltr'>primendo</span> <span class='ocrx_word' id='word_1_284' title='bbox 197 2162 331 2209; x_wconf 75' lang='lat' dir='ltr'>transfertur;</span> <span class='ocrx_word' id='word_1_285' title='bbox 347 2164 401 2203; x_wconf 88' lang='lat' dir='ltr'>sicut</span> <span class='ocrx_word' id='word_1_286' title='bbox 416 2164 488 2213; x_wconf 80' lang='lat' dir='ltr'>imago</span> <span class='ocrx_word' id='word_1_287' title='bbox 503 2176 528 2203; x_wconf 88' lang='lat' dir='ltr'>ex</span> <span class='ocrx_word' id='word_1_288' title='bbox 538 2165 625 2212; x_wconf 82' lang='lat' dir='ltr'>annulo,</span> <span class='ocrx_word' id='word_1_289' title='bbox 638 2167 658 2204; x_wconf 92' lang='lat' dir='ltr'>et</span> <span class='ocrx_word' id='word_1_290' title='bbox 669 2165 689 2204; x_wconf 93' lang='lat' dir='ltr'>in</span> <span class='ocrx_word' id='word_1_291' title='bbox 700 2176 770 2204; x_wconf 87' lang='lat' dir='ltr'>ceram</span> <span class='ocrx_word' id='word_1_292' title='bbox 781 2164 856 2205; x_wconf 87' lang='lat' dir='ltr'>transit</span> 
     </span>
     <span class='ocr_line' id='line_1_33' title="bbox 71 2228 856 2280; baseline 0.003 -13"><span class='ocrx_word' id='word_1_293' title='bbox 71 2231 91 2268; x_wconf 91' lang='lat' dir='ltr'>et</span> <span class='ocrx_word' id='word_1_294' title='bbox 105 2228 205 2268; x_wconf 90' lang='lat' dir='ltr'>annulum</span> <span class='ocrx_word' id='word_1_295' title='bbox 221 2235 263 2268; x_wconf 89' lang='lat' dir='ltr'>non</span> <span class='ocrx_word' id='word_1_296' title='bbox 279 2228 384 2277; x_wconf 86' lang='lat' dir='ltr'>relinquit.</span> <span class='ocrx_word' id='word_1_297' title='bbox 396 2229 438 2276; x_wconf 89' lang='lat' dir='ltr'>Qui</span> <span class='ocrx_word' id='word_1_298' title='bbox 450 2241 501 2269; x_wconf 90' lang='lat' dir='ltr'>vero</span> <span class='ocrx_word' id='word_1_299' title='bbox 511 2241 554 2270; x_wconf 93' lang='lat' dir='ltr'>non</span> <span class='ocrx_word' id='word_1_300' title='bbox 565 2232 672 2280; x_wconf 87' lang='lat' dir='ltr'>operatur,</span> <span class='ocrx_word' id='word_1_301' title='bbox 684 2232 786 2270; x_wconf 89' lang='lat' dir='ltr'>ettamen</span> <span class='ocrx_word' id='word_1_302' title='bbox 797 2230 856 2270; x_wconf 89' lang='lat' dir='ltr'>videt</span> 
     </span>
     <span class='ocr_line' id='line_1_34' title="bbox 71 2293 856 2345; baseline 0.003 -12"><span class='ocrx_word' id='word_1_303' title='bbox 71 2293 129 2343; x_wconf 94' lang='lat' dir='ltr'>quod</span> <span class='ocrx_word' id='word_1_304' title='bbox 144 2293 275 2343; x_wconf 86' lang='lat' dir='ltr'>operandum</span> <span class='ocrx_word' id='word_1_305' title='bbox 291 2294 324 2340; x_wconf 88' lang='lat' dir='ltr'>sit,</span> <span class='ocrx_word' id='word_1_306' title='bbox 341 2294 385 2343; x_wconf 85' lang='lat' dir='ltr'>ipse</span> <span class='ocrx_word' id='word_1_307' title='bbox 400 2297 431 2335; x_wconf 89' lang='lat' dir='ltr'>est</span> <span class='ocrx_word' id='word_1_308' title='bbox 446 2295 481 2344; x_wconf 91' lang='lat' dir='ltr'>qui</span> <span class='ocrx_word' id='word_1_309' title='bbox 497 2294 523 2334; x_wconf 89' lang='lat' dir='ltr'>ab</span> <span class='ocrx_word' id='word_1_310' title='bbox 539 2295 573 2336; x_wconf 93' lang='lat' dir='ltr'>illa</span> <span class='ocrx_word' id='word_1_311' title='bbox 588 2296 635 2336; x_wconf 84' lang='lat' dir='ltr'>luce</span> <span class='ocrx_word' id='word_1_312' title='bbox 650 2296 757 2343; x_wconf 82' lang='lat' dir='ltr'>avertitur,</span> <span class='ocrx_word' id='word_1_313' title='bbox 780 2308 792 2336; x_wconf 88' lang='lat' dir='ltr'>a</span> <span class='ocrx_word' id='word_1_314' title='bbox 814 2307 856 2345; x_wconf 92' lang='lat' dir='ltr'>qua</span> 
     </span>
     <span class='ocr_line' id='line_1_35' title="bbox 71 2358 856 2410; baseline 0.004 -12"><span class='ocrx_word' id='word_1_315' title='bbox 71 2361 141 2398; x_wconf 90' lang='lat' dir='ltr'>tamen</span> <span class='ocrx_word' id='word_1_316' title='bbox 156 2359 255 2408; x_wconf 87' lang='lat' dir='ltr'>tangitur.</span> <span class='ocrx_word' id='word_1_317' title='bbox 271 2358 313 2405; x_wconf 90' lang='lat' dir='ltr'>Qui</span> <span class='ocrx_word' id='word_1_318' title='bbox 329 2362 399 2400; x_wconf 90' lang='lat' dir='ltr'>autem</span> <span class='ocrx_word' id='word_1_319' title='bbox 415 2373 454 2400; x_wconf 88' lang='lat' dir='ltr'>nec</span> <span class='ocrx_word' id='word_1_320' title='bbox 468 2360 525 2400; x_wconf 89' lang='lat' dir='ltr'>videt</span> <span class='ocrx_word' id='word_1_321' title='bbox 540 2361 723 2410; x_wconf 90' lang='lat' dir='ltr'>quemadmodum</span> <span class='ocrx_word' id='word_1_322' title='bbox 742 2362 768 2402; x_wconf 88' lang='lat' dir='ltr'>sit</span> <span class='ocrx_word' id='word_1_323' title='bbox 785 2362 856 2402; x_wconf 90' lang='lat' dir='ltr'>viven-</span> 
     </span>
     <span class='ocr_line' id='line_1_36' title="bbox 72 2424 856 2476; baseline 0.006 -13"><span class='ocrx_word' id='word_1_324' title='bbox 72 2424 130 2471; x_wconf 80' lang='lat' dir='ltr'>dum,</span> <span class='ocrx_word' id='word_1_325' title='bbox 147 2424 286 2464; x_wconf 88' lang='lat' dir='ltr'>excusabilius</span> <span class='ocrx_word' id='word_1_326' title='bbox 301 2424 386 2473; x_wconf 90' lang='lat' dir='ltr'>quidem</span> <span class='ocrx_word' id='word_1_327' title='bbox 403 2429 483 2474; x_wconf 86' lang='lat' dir='ltr'>peccat,</span> <span class='ocrx_word' id='word_1_328' title='bbox 499 2426 548 2475; x_wconf 90' lang='lat' dir='ltr'>quia</span> <span class='ocrx_word' id='word_1_329' title='bbox 563 2439 606 2467; x_wconf 94' lang='lat' dir='ltr'>non</span> <span class='ocrx_word' id='word_1_330' title='bbox 621 2429 653 2467; x_wconf 91' lang='lat' dir='ltr'>est</span> <span class='ocrx_word' id='word_1_331' title='bbox 667 2429 811 2476; x_wconf 87' lang='lat' dir='ltr'>transgressor</span> <span class='ocrx_word' id='word_1_332' title='bbox 821 2439 856 2471; x_wconf 88' lang='lat' dir='ltr'>co·</span> 
     </span>
     <span class='ocr_line' id='line_1_37' title="bbox 72 2489 857 2543; baseline 0.006 -14"><span class='ocrx_word' id='word_1_333' title='bbox 72 2490 142 2538; x_wconf 88' lang='lat' dir='ltr'>gnitae</span> <span class='ocrx_word' id='word_1_334' title='bbox 152 2490 215 2539; x_wconf 88' lang='lat' dir='ltr'>legis;</span> <span class='ocrx_word' id='word_1_335' title='bbox 224 2489 261 2529; x_wconf 90' lang='lat' dir='ltr'>sed</span> <span class='ocrx_word' id='word_1_336' title='bbox 272 2490 334 2530; x_wconf 85' lang='lat' dir='ltr'>eiiam</span> <span class='ocrx_word' id='word_1_337' title='bbox 346 2491 391 2540; x_wconf 90' lang='lat' dir='ltr'>ipse</span> <span class='ocrx_word' id='word_1_338' title='bbox 401 2491 515 2541; x_wconf 91' lang='lat' dir='ltr'>splendore</span> <span class='ocrx_word' id='word_1_339' title='bbox 526 2492 639 2543; x_wconf 89' lang='lat' dir='ltr'>aliquoties</span> <span class='ocrx_word' id='word_1_340' title='bbox 649 2493 729 2543; x_wconf 90' lang='lat' dir='ltr'>ubique</span> <span class='ocrx_word' id='word_1_341' title='bbox 740 2493 857 2542; x_wconf 88' lang='lat' dir='ltr'>praesentis</span> 
     </span>
     <span class='ocr_line' id='line_1_38' title="bbox 72 2547 748 2604; baseline 0.009 -11"><span class='ocrx_word' id='word_1_342' title='bbox 72 2555 163 2595; x_wconf 86' lang='lat' dir='ltr'>veritatis</span> <span class='ocrx_word' id='word_1_343' title='bbox 178 2556 294 2603; x_wconf 79' lang='lat' dir='ltr'>attingitur,</span> <span class='ocrx_word' id='word_1_344' title='bbox 311 2557 397 2604; x_wconf 92' lang='lat' dir='ltr'>quando</span> <span class='ocrx_word' id='word_1_345' title='bbox 412 2557 534 2597; x_wconf 88' lang='lat' dir='ltr'>admonitus</span> <span class='ocrx_word' id='word_1_346' title='bbox 549 2559 669 2599; x_wconf 82' lang='lat' dir='ltr'>confitetur.</span> <span class='ocrx_word' id='word_1_347' title='bbox 746 2547 748 2550; x_wconf 43' lang='grc'>’</span> 
     </span>
    </p>
   </div>
   <div class='ocr_carea' id='block_1_5' title="bbox 0 0 902 2978">
    <p class='ocr_par' dir='ltr' id='par_1_5' title="bbox 0 0 902 2978">
     <span class='ocr_line' id='line_1_39' title="bbox 0 0 902 2978; baseline 0 0"><span class='ocrx_word' id='word_1_348' title='bbox 0 0 902 2978; x_wconf 95' lang='lat' dir='ltr'> </span> 
     </span>
    </p>
   </div>
  </div>
 </body>
</html>
