1768 2978
62 98 63 101 η
107 75 337 112 14.-uouseusrouu
351 75 460 120 ueQurfix
476 89 611 119 srusrsuruus
626 90 733 120 arranem
789 86 813 120 43
859 131 861 133 ι

75 191 96 228 b.
110 193 158 230 lbid.
170 194 202 230 23:
217 208 225 224 <‹
234 193 279 230 Non
293 195 343 231 enim
357 196 406 233 ullus
419 191 528 235 ullo'sensu
542 200 627 245 corporis
640 211 707 237 omnes
722 212 813 238 numeros
833 224 836 227 -

26 253 108 299 attingit3
122 253 275 305 innumerabiles
283 255 334 290 enim
347 258 396 292 sunt.
411 257 467 293 Unde
480 268 526 304 ergo
543 259 632 294 novimus
645 270 679 305 per
695 270 763 296 omnes
777 261 813 296 lroc

26 322 69 348 esse
82 310 100 356 [i.
114 322 130 348 e.
143 312 168 347 de
181 312 272 349 omnibus
291 314 374 350 numeris
393 315 454 351 valere
473 318 531 352 certas
551 318 626 363 regulas
639 320 657 353 et
669 317 765 363 rationesl,
782 321 814 355 aut
847 339 849 341 >

27 381 65 417 qua
78 370 178 417 phantasia
190 372 222 407 aut
235 371 366 416 phantasmate
378 376 417 409 tam
430 377 480 411 certa
492 376 560 412 veritas
574 377 648 412 numeri
661 388 695 422 per
707 377 813 413 innumera-

27 430 72 466 bilia
84 425 123 466 tam
142 430 228 475 tidenter,
241 431 278 467 nisi
293 432 312 480 in
326 432 367 468 luce
386 433 474 470 interiore
493 435 614 480 conspicitur,
633 446 691 481 quam
710 437 814 482 corporalis
854 481 856 491 Ι

27 500 94 526 sensus
107 489 205 535 ignorat».
505 528 507 531 .

76 559 95 585 c.
109 550 162 586 ldem
176 551 260 587 ostendit
272 551 297 587 de
310 552 388 588 natione
407 553 516 599 sapientiae,
531 565 591 590 «cum
610 554 669 590 multa
687 555 723 591 alia
741 556 815 601 possint

28 602 150 646 occurrere».
164 610 212 646 Ibid.
225 611 256 647 26:
272 610 340 647 «Sicut
352 622 399 658 ergo
412 615 514 659 antequam
533 614 582 650 beati
602 614 668 659 simus,
681 615 776 651 mentibus
788 617 814 651 ta-

28 681 72 707 men
85 670 155 707 nostris
167 671 261 716 impressa
273 673 301 707 est
313 672 367 707 notio
380 672 481 716 beatitatis3
494 684 528 718 per
541 673 589 709 hanc
602 673 653 709 enim
666 674 742 719 scimus,
755 674 815 710 tiden-

27 731 94 776 terque
107 731 125 766 et
137 730 178 766 sine
191 730 230 766 ulla
239 725 361 787 ‘dubitatione
376 731 457 767 dicimus
470 732 536 768 beatos
549 743 585 768 nos
598 743 640 769 esse
652 734 709 769 velle:
722 734 747 769 ita
759 734 815 769 etiam

28 790 142 836 priusquam·
152 790 247 836 sapientes
260 791 326 836 simus,
339 791 442 837 sapientiae
455 791 554 841 notionem
568 792 586 827 in
600 794 663 828 mente
676 792 769 829 habemus
781 793 816 828 im·
872 799 874 801 '

28 860 120 895 pressam,
133 860 167 895 per
181 860 239 896 quam
258 851 391 896 unusquisque
410 851 528 886 nostrumsi
543 851 669 897 interrogetur
687 851 756 887 velitne
775 862 816 887 esse

28 909 110 955 sapiens,
123 909 165 945 sine
178 909 215 945 ulla
228 910 309 956 caligine
322 909 445 946 dubitationis
457 921 478 946 se
491 911 539 946 velle
552 911 655 956 respondet
664 924 679 946 ›>.
688 910 717 947 Ci.
725 911 756 947 De
766 910 816 947 Triu.
849 954 851 956 ¹

29 968 78 1013 Vlll,
90 969 115 1013 iii,
128 970 148 1004 t:
162 969 235 1005 «nobis
248 969 341 1014 impressa
354 969 407 1005 notio
424 969 484 1015 ipsius
497 969 543 1005 boni
552 984 567 1014 »,
581 973 599 1005 et
611 970 660 1014 xlv,
673 981 704 1014 xv,
716 971 745 1006 21.

84 1134 108 1173 ii.
119 1133 187 1174 intus
198 1134 323 1174 invenitur
333 1135 432 1174 veritas·
442 1160 450 1166 ·
459 1139 494 1178 De
507 1139 590 1178 Immor.
601 1138 693 1178 Animae
702 1139 730 1185 iv,
741 1139 763 1178 6:
776 1138 817 1178 Sed

31 1214 80 1243 cum
96 1202 128 1242 vel
143 1213 184 1242 nos
199 1202 238 1251 ipsi
253 1201 366 1242 nobiscum
382 1197 538 1249 ratiocinantes,
554 1203 586 1242 vel
602 1203 628 1242 ab
639 1203 680 1242 alio
690 1202 745 1242 bene
755 1203 817 1242 inter·

30 1267 98 1316 rogati
114 1267 141 1306 de
156 1266 284 1316 quibusdam
300 1266 423 1307 liberalibus
438 1267 524 1314 artibus,
541 1279 565 1307 ea
580 1280 634 1316 quae
645 1268 763 1307 invenimus
774 1279 816 1306 non

30 1331 79 1372 alibi
95 1343 159 1380 quam
175 1333 195 1371 in
211 1332 283 1371 animo
298 1335 372 1374 nostro
387 1333 518 1372 invenimus:
535 1344 604 1381 neque
619 1332 640 1372 id
662 1335 694 1372 est
715 1333 815 1379 invenire,

30 1397 89 1446 quod
104 1396 173 1436 iacere
188 1399 224 1437 aut
238 1398 337 1445 gignere;
347 1397 450 1446 alioquin
468 1400 552 1437 aeterna
569 1398 666 1446 gigneret
685 1397 768 1436 animus
787 1397 816 1436 in-

30 1463 130 1502 ventione
144 1461 257 1510 temporali
274 1460 331 1507 (nam
346 1464 431 1502 aeterna
445 1474 511 1511 saepe,
524 1455 613 1502 invenit:
630 1462 681 1511 quid
700 1463 755 1501 enim
773 1464 815 1501 tam

31 1529 139 1567 aeternum
155 1538 219 1576 quam
234 1527 306 1566 circuli
322 1528 382 1575 ratio,
406 1528 438 1567 vel
460 1528 477 1567 si
499 1527 550 1575 quid
572 1526 629 1566 aliud
651 1528 671 1566 in
694 1526 816 1566 huiusmodi

31 1591 118 1638 artibus,
134 1603 173 1632 nec
188 1603 231 1632 non
242 1591 307 1631 tuisse
317 1591 432 1645 aliquando
443 1604 534 1632 necnon
545 1592 591 1631 iore
602 1589 815 1640 comprehenditur?):

32 1656 168 1697 manifestum
184 1657 247 1696 etiam
262 1658 294 1696 est
309 1656 451 1702 immortalem
467 1668 512 1696 esse
528 1657 630 1702 animum,
642 1659 662 1695 et
673 1667 747 1696 omnes
757 1667 817 1694 veras
870 1682 872 1686 ψ

31 1721 124 1762 rationes
139 1722 160 1761 in
175 1722 261 1762 secretis
275 1721 321 1761 eius
335 1733 389 1769 esse,
405 1722 502 1770 quamvis
517 1733 552 1760 cas
567 1721 610 1760 sive
625 1720 758 1770 ignoratione
773 1720 816 1759 sive

32 1787 141 1829 oblivione
156 1790 249 1828 autnon
264 1787 342 1828 habere
357 1790 392 1827 aut
407 1788 503 1827 amisisse
518 1787 620 1827 videatur.
726 1791 727 1794 ’
799 1826 801 1828 .

69 1860 71 1862 ’
85 1854 120 1894 De
132 1853 242 1904 Magistro
255 1854 283 1901 xi,
299 1854 335 1893 38.-
352 1853 501 1897 Deuuiversis
516 1855 585 1893 autem
602 1864 656 1902 quae
671 1851 816 1901 intelligimus,

32 1931 76 1960 non
91 1920 215 1970 loquentem
231 1921 266 1969 qui
282 1921 382 1968 personat
396 1919 455 1965 foris,
472 1918 509 1958 sed
525 1919 580 1959 intus
595 1918 634 1967 ipsi
653 1918 717 1958 menti
740 1917 817 1966 praesi-

33 1986 119 2026 dentem
143 1986 275 2025 consulimus
297 1985 421 2031 veritatem,
437 1984 506 2024 verbis
527 1984 617 2023 tortasse
638 1986 661 2023 ut
682 1982 818 2023 consulamus

33 2051 145 2092 admoniti.
161 2051 198 2092 llle
212 2053 282 2091 autem
298 2051 333 2100 qui
349 2050 473 2097 consulitur,
489 2049 559 2096 docet,
576 2050 612 2097 qui
627 2049 648 2088 in
664 2049 763 2088 interiore
780 2048 817 2087 bo·
853 2090 854 2093 ,

33 2118 90 2158 mine
101 2117 195 2158 habitare
210 2117 278 2157 dictus
293 2118 324 2157 est
338 2115 443 2163 Christus,
456 2115 468 2155 i.
481 2126 499 2154 e.
512 2114 692 2155 iucommutabilis
703 2113 742 2153 Dei
753 2115 819 2153 virtus

33 2185 96 2232 atque
111 2184 240 2232 sempiterna
254 2182 365 2231 sapientia.
660 2175 676 2181 ⁰

86 2249 122 2296 xii,
138 2250 176 2289 40:
192 2248 248 2288 Cum
264 2259 314 2288 vero
329 2247 355 2287 de
370 2247 395 2287 iis
410 2247 479 2295 agitur
495 2257 550 2295 quae
574 2248 644 2298 mente
666 2245 817 2294 conspicimus,

34 2315 47 2355 i.
57 2327 76 2354 e.
87 2315 193 2355 intellectu
202 2317 265 2362 atque
275 2313 364 2359 ratione,
376 2324 400 2352 ca
411 2311 497 2361 quidem
508 2311 617 2359 loquimur
631 2322 685 2359 quae
701 2310 818 2358 praesentia
861 2317 864 2320 ⁴

33 2367 161 2420 contuemur
175 2381 195 2419 in
212 2379 247 2419 illa
261 2378 360 2418 interiore
375 2376 421 2416 luce
436 2376 535 2422 veritatis,
558 2387 600 2423 qua
619 2375 663 2423 ipse
685 2374 721 2423 qui
743 2374 820 2414 dicitur

34 2444 101 2484 bomo
118 2445 206 2484 interior
223 2443 337 2484 illustratur
358 2444 378 2481 et
398 2441 485 2480 truitur:
508 2439 546 2480 sed
567 2442 617 2479 tuuc
638 2451 725 2487 quoque
748 2441 820 2478 noster

34 2509 127 2558 auditor,
143 2510 159 2550 si
176 2511 221 2559 ipse
236 2508 271 2549 illa
285 2509 366 2548 secreto
381 2518 406 2546 ac
419 2505 510 2554 simplici
526 2504 589 2544 oculo
604 2504 668 2550 videt,
684 2504 744 2543 novit
760 2504 819 2552 quod

35 2576 84 2616 dico
99 2587 137 2616 sua
151 2574 339 2624 contemplatione,
355 2583 398 2611 non
409 2569 479 2610 verbis
489 2570 549 2609 meis.
561 2569 618 2618 Ergo
629 2580 655 2609 ne
665 2568 722 2608 hunc
732 2569 819 2618 quidem
