1768 2978
84 138 107 172 40
150 139 177 173 13.
190 156 197 162 -
210 145 358 174 coonosculus
371 123 458 173 onlnem
471 143 563 171 omuibus
576 122 679 169 neuturus
692 138 807 167 COMMUNIA

133 254 154 290 b.
168 255 235 301 Agitur
248 255 272 291 de
285 255 356 300 duplici
369 265 405 291 usu
418 254 474 290 unius
490 252 614 297 eiusdemque
634 249 717 294 rationis
737 260 795 295 quem
818 261 871 285 «una

85 313 152 350 mentis
171 315 237 350 natura
250 313 396 359 complectitur»
417 311 464 357 (Xll,
484 312 508 356 iii,
527 309 551 355 3).
572 309 638 346 «Cum
651 309 708 355 igitur
721 309 832 345 disserimus
845 310 870 345 de

85 374 150 408 natura
164 372 231 408 mentis
244 372 344 416 humanae,
358 371 381 407 de
395 382 432 406 una
445 371 528 416 quadam
542 381 561 406 re
574 368 689 412 disserimus,
699 369 785 404 neceam
795 367 814 403 in
823 367 870 404 baec

85 431 124 465 duo
143 441 192 475 quae
210 429 403 466 commemoravimus
422 429 457 464 nisi
476 440 509 473 per
526 427 590 463 olticia
602 426 741 472 geminamus»
762 426 803 470 xli,
816 426 840 471 iv,
852 428 870 462 4.

84 488 146 523 Modo
159 488 242 533 generali
255 487 386 533 supprimebat
399 487 420 522 Α.
434 486 574 522 distinctionem
587 485 635 521 inter
648 485 731 520 animam
744 484 825 529 eiusque
843 484 870 520 t-

84 547 173 589 cultates;
186 558 203 580 v.
212 557 230 591 g.
243 546 273 582 De
287 546 338 581 Trio.
351 545 373 588 X,
386 546 411 588 xi,
426 547 459 588 183
478 547 497 580 et
509 545 546 579 hoc
559 544 585 579 ob
599 543 691 579 motivum
705 543 762 579 etiam
774 543 870 588 theologi-

84 614 139 639 cum:
158 604 221 640 anima
234 605 285 639 enim
298 614 341 639 cum
354 604 393 639 suis
406 603 495 648 potentiis
508 604 536 638 est
549 603 613 647 imago
627 601 659 637 SS.
674 601 776 645 Trinitatis,
796 602 815 637 in
832 613 871 648 qua

84 672 127 697 cum
141 662 204 697 divina
217 663 282 697 natura
290 663 327 697 tres
336 671 429 707 personae
438 661 582 696 identilicantur.
596 659 625 696 Ct.
639 659 724 703 (ansoni,
738 660 869 696 Introduction

85 733 116 768 pp,
129 722 327 828 ἰῗῧῖῐῗῖεᾳυεηῒίϋηε
340 792 385 828 prae
398 781 458 818 oculis
471 780 563 827 imprimis
576 779 690 817 habebimus
710 777 766 824 (sicut
785 779 826 826 ipse
839 778 870 825 Α.)

84 841 213 887 cognitionem
223 841 273 877 illam
282 852 329 887 pure
338 841 489 885 intellectualem,
499 840 565 877 dicturi
580 842 647 886 postea
660 840 684 876 de
698 840 771 876 ratione
780 839 870 877 interiori.

85 1019 117 1058 13.
131 1041 138 1048 -
153 1019 334 1071 Cognoscimus
347 1019 443 1060 obiecta
456 1018 571 1060 omnibus
584 1018 708 1059 mentibus
728 1019 871 1059 communia

138 1133 172 1173 De
186 1133 231 1173 Lib.
244 1132 297 1173 Ara.
314 1133 339 1180 ΙΙ,
355 1133 398 1180 viii,
414 1135 450 1173 20:
467 1133 507 1173 Dic
517 1134 568 1172 milri
580 1135 650 1173 utrum
662 1134 780 1173 inveniatur
790 1132 870 1181 aliquid

85 1198 144 1245 quod
159 1210 234 1237 omnes
245 1198 393 1238 ratiocinantes
403 1210 441 1238 sua
451 1199 541 1247 quisque
553 1199 633 1237 ratione
647 1201 711 1248 atque
726 1201 797 1238 mente
811 1209 870 1238 com-

86 1262 177 1301 muniter
188 1262 279 1308 videant,
291 1273 339 1301 cum
351 1262 403 1301 illud
414 1262 473 1318 quod
484 1263 567 1301 videtur
579 1264 662 1310 praesto
674 1263 701 1301 sit
711 1261 819 1308 omnibus.
831 1274 871 1301 nec

85 1325 106 1364 in
121 1337 182 1364 usum
198 1337 272 1365 eorum
288 1326 365 1373 quibus
381 1328 464 1374 praesto
479 1329 510 1365 est
520 1328 670 1373 commutetur,
683 1326 743 1374 quasi
759 1325 820 1365 cibus
835 1327 870 1365 aut

86 1389 153 1437 potio,
165 1389 202 1428 sed
214 1390 359 1437 incorruptum
375 1391 524 1438 integrumque
539 1391 668 1437 permaneat,
680 1390 724 1429 sive
737 1389 765 1428 illi
776 1389 869 1436 videant,

85 1455 129 1493 sive
137 1465 180 1493 non
188 1454 280 1493 videant.
289 1453 322 1492 An
330 1454 384 1493 torte
393 1454 444 1493 nibil
453 1454 575 1494 huiusmodi
584 1466 630 1494 esse
638 1454 759 1494 arbitraris?
768 1454 791 1493 E.
801 1454 870 1493 immo
879 1498 881 1500 ,

86 1518 151 1557 multa
166 1529 211 1557 esse
226 1517 300 1564 vide0;
316 1531 327 1557 e
342 1518 419 1566 quibus
430 1530 495 1558 unum
506 1520 670 1558 commemorari
686 1520 737 1558 satis
751 1522 794 1558 est:
811 1510 870 1566 quod

86 1583 138 1622 ratio
154 1585 174 1622 et
188 1583 264 1623 veritas
282 1583 363 1623 numeri
382 1583 482 1623 omnibus
501 1583 675 1624 ratiocinantibus
694 1585 832 1632 praesto‘est,
848 1585 871 1623 ut

86 1648 155 1688 omnis
166 1660 212 1688 eam
221 1638 403 1698 computatorsua
413 1650 504 1699 quisque
512 1651 593 1690 ratione
603 1652 624 1690 et
634 1649 772 1699 intelligentia
781 1652 871 1699 conetur

86 1714 256 1763 apprehendere;
275 1717 295 1754 et
312 1715 365 1754 alius
383 1715 404 1754 id
422 1714 511 1762 facilius,
530 1715 582 1755 alius
601 1716 709 1756 diliicilius
727 1717 801 1765 possit,
818 1716 871 1756 alius

87 1779 175 1818 omnino
188 1791 231 1819 non
244 1780 321 1828 possib
337 1791 385 1820 cum
396 1783 466 1820 tamen
477 1781 522 1830 ipsa
533 1782 648 1830 aequaliter
658 1781 759 1822 omnibus
774 1794 796 1822 se
811 1792 870 1830 prae-

87 1844 135 1883 beat
149 1844 267 1885 valentibus
281 1856 327 1884 eam
343 1857 426 1893 capere.

140 1908 193 1948 lbid.
209 1923 229 1956 x,
244 1911 280 1949 28:
296 1909 321 1950 Α.
338 1911 398 1958 ltem,
415 1911 468 1951 iuste
483 1924 529 1952 esse
543 1913 666 1960 vivendum,
678 1913 784 1953 deteriora
796 1913 870 1952 melio-

87 1973 144 2013 ribus
159 1986 205 2013 esse
214 1973 332 2022 subdenda,
342 1978 362 2014 et
373 1977 430 2024 paria
441 1977 526 2025 paribus
537 1978 688 2025 comparanda,
700 1980 720 2018 et
731 1978 817 2027 propria
827 1978 871 2017 suis

87 2038 206 2087 quibusque
223 2038 341 2087 tribuenda,
358 2052 428 2080 nonne
447 2042 546 2081 fateberis
564 2054 610 2082 esse
628 2044 770 2089 verissimum,
789 2045 810 2083 et
827 2045 869 2083 tarn

88 2103 137 2142 milri
153 2115 216 2152 quam
232 2103 268 2143 tibi
284 2107 346 2152 atquc
361 2105 460 2146 omnibus
477 2107 497 2146 id
513 2107 633 2147 videntibus
651 2110 736 2156 praesto
751 2120 797 2149 esse
812 2119 870 2152 cum-

88 2167 191 2207 muniter?
202 2169 225 2207 Ε.
237 2167 352 2208 Assentior.
364 2171 397 2210 29.
409 2169 434 2210 Α,
447 2171 489 2210 lam
501 2171 623 2212 huiusmodi
636 2173 696 2221 plura
706 2185 749 2214 non
760 2184 869 2221 quaeram:

87 2231 136 2269 satis
151 2233 182 2270 est
197 2232 252 2270 enim
271 2233 329 2280 quod
347 2234 396 2273 istas
413 2236 514 2283 tanquam
533 2236 616 2284 regulas
631 2239 651 2276 et
666 2238 771 2285 quaedam
790 2238 870 2277 lumina

87 2295 194 2340 virtutum,
211 2298 231 2334 et
245 2308 293 2335 vera
308 2300 328 2336 et
343 2298 531 2346 incommutabilia,
548 2303 568 2339 et
578 2293 626 2340 'sive
640 2302 724 2350 singula
733 2303 783 2342 ⁴siue
798 2302 870 2341 omnia

87 2359 228 2398 communiter
242 2360 315 2398 adesse
330 2361 356 2399 ad
371 2363 560 2411 contemplandum
578 2365 608 2404 eis
626 2366 661 2413 qui
681 2366 733 2406 liaec
748 2367 818 2406 valent
832 2377 870 2405 sua

87 2422 177 2470 quisque
192 2423 272 2462 ratione
287 2435 311 2462 ac
326 2428 396 2464 mente
411 2427 541 2474 conspicere,
558 2429 636 2476 pariter
653 2441 736 2469 mecum
752 2431 812 2470 vides
827 2441 870 2469 cer-

86 2486 234 2535 tissimumque
254 2498 299 2526 esse
318 2489 425 2529 concedis.
446 2490 487 2530 Sed
507 2503 557 2531 sane
577 2504 656 2541 quaero
674 2497 744 2535 utrum
762 2495 815 2535 baec
831 2496 869 2536 tibi

87 2551 197 2591 videantur
211 2552 237 2591 ad
252 2553 375 2602 sapientiam
387 2556 530 2604 pertinere?...
546 2558 743 2601 Manifestissimum
760 2554 791 2603 est
806 2562 871 2612 igitur

87 2629 162 2657 omnes
176 2617 221 2665 has,
233 2630 285 2667 quas
295 2620 378 2669 regulas
389 2621 480 2662 diximus
494 2626 514 2664 et
529 2624 608 2666 lumina
624 2627 733 2676 virtutum
745 2628 771 2668 ad
786 2629 869 2679 sapien·
