1768 2978
35 103 58 138 us
275 103 303 138 20.
317 122 323 127 -
337 109 363 137 oa
377 108 467 139 annone
481 108 583 139 lucumoni

36 225 216 274 tium-linguas...;
228 227 309 264 tanturn
320 224 423 264 librorum
434 235 555 271 numerum,
565 226 585 263 et
595 223 742 264 cuiuscemodi
754 214 829 275 monu-

38 292 159 330 mentorum
175 290 202 330 ad
217 290 380 330 custodiendam
393 289 527 335 memoriam,
539 291 663 338 tantamque
676 300 748 329 curam
760 292 830 338 poste-

42 356 115 396 ritatis.

37 428 39 432 '
64 471 67 475 Ι
93 421 218 461 De-Doctr.
239 419 319 461 Christ.
339 420 364 466 ll,
383 421 397 466 i,
415 421 435 459 l:
455 419 544 468 Signum
563 422 595 460 est
613 420 669 459 enim
688 431 728 467 res,
749 422 831 468 praeter

39 487 132 535 speciem
151 486 217 535 quam
235 486 311 534 ingerit
329 485 435 532 sensibus,
454 485 511 524 aliud
529 484 609 533 aliquid
628 497 653 525 ex
670 497 693 525 se
712 485 792 524 taciens
810 486 830 525 in

18 560 20 563 ·
40 552 192 600 cogitationem
212 552 294 591 venire:
313 551 367 591 sicut
384 550 475 598 vestigio
490 551 544 599 viso,
560 550 755 590 transisse'animal
771 551 831 590 cuius

40 617 153 665 vestigium
167 619 198 656 est
211 617 341 665 cogitamus;
357 618 377 655 et
388 615 448 655 tumo
463 616 516 663 viso,
533 616 604 664 ignem
616 616 704 656 subesse
719 616 831 664 cognosci-

41 694 96 728 mus;
106 685 126 722 et
134 694 187 722 voce
195 682 308 722 animantis
317 681 395 728 audita,
403 681 538 722 affectionem
547 681 611 727 animi
620 682 666 721 eius
674 680 830 724 advertimus..

41 750 61 788 2.
70 747 193 796 'Signorum
204 747 268 796 igitur
278 747 318 786 alia
328 749 377 786 sunt
387 746 549 793 naturalia,'alia
559 746 633 786 data...
650 746 671 793 ii,
683 747 703 786 3.
715 746 770 786 Data
780 758 832 786 vero

42 814 103 862 signa
115 815 173 859 sunt,
190 823 244 861 quae
259 812 298 852 sibi
315 823 412 860 quaeque
427 812 518 852 viventia
533 812 622 851 invicem
635 811 686 851 dant
700 811 727 851 ad
742 811 833 851 demon-

43 878 148 925 strandos,
160 879 262 927 quantum
279 880 375 930 possunt,
388 880 458 917 motus
469 877 533 916 animi
545 877 585 924 sui,
598 877 630 916 vel
645 888 708 917 sensa
722 879 758 917 aut
773 877 832 916 intel·
851 903 855 912 .

43 945 96 983 lecta
111 943 224 992 quaelibet.
241 943 286 983 Nec
301 943 343 982 ulla
358 954 421 982 causa
436 945 467 982 est
482 942 544 982 nobis
558 942 702 991 significandi,
719 943 732 982 i.
745 954 763 982 e.
775 943 832 990 signi

44 1009 116 1056 dandi,
128 1009 167 1048 nisi
182 1009 209 1047 ad
224 1008 395 1057 depromendum
406 1010 426 1047 et
436 1008 584 1047 traiiciendum
599 1009 620 1047 in
636 1007 721 1047 alterius
736 1008 831 1047 animum

45 1074 65 1114 id
82 1073 140 1123 quod
156 1074 227 1113 animo
242 1074 296 1122 gerit
312 1073 378 1121 isqui
394 1073 479 1121 signum
495 1073 552 1112 dat.-

93 1187 113 1212 a.
127 1176 216 1214 Conlinia
229 1177 306 1213 rationis
321 1177 415 1212 interioris
434 1179 453 1212 et
471 1176 613 1222 imaginationis
631 1177 680 1212 solet
699 1176 721 1212 Α.
741 1187 833 1222 quaerere

45 1237 165 1282 respiciendo
179 1237 233 1272 bruta
246 1236 354 1271 animantia:
368 1237 421 1282 quod
435 1236 476 1281 ipsa
489 1247 528 1271 non
541 1236 609 1280 valent,
623 1237 646 1271 ad
661 1235 753 1271 rationem
767 1236 785 1271 in
800 1236 833 1272 ho·

47 1296 97 1331 mine
111 1296 196 1341 pertinet.
210 1296 290 1331 Manent
302 1296 365 1330 tamen
379 1306 401 1330 ea
414 1295 497 1331 continia
510 1296 554 1330 satis
563 1295 660 1340 ambigua,
670 1305 733 1340 neque
742 1295 797 1330 facile
806 1297 835 1331 est

46 1355 152 1390 discernere
165 1354 243 1400 quando
257 1354 281 1389 de
295 1365 346 1389 mera
359 1354 463 1399 phantasia,
473 1354 551 1399 quando
561 1354 585 1389 de
594 1355 667 1390 ratione
675 1354 764 1390 interiore
773 1354 835 1400 loqui·

46 1416 81 1450 tur.
96 1413 133 1450 Ubi
147 1413 336 1453 animadvertendum
350 1415 378 1448 est
390 1412 413 1449 Α.
427 1413 517 1449 unitatem
531 1415 549 1449 et
562 1413 701 1459 simplicitatem
714 1413 789 1449 animae
802 1413 834 1449 ad·
848 1431 850 1434 ·

47 1474 127 1509 modum
141 1473 237 1516 extollere,
251 1472 278 1508 ita
289 1474 309 1507 ut
321 1472 362 1517 ipsa
371 1471 418 1518 (non
428 1482 498 1518 corpus
507 1471 619 1516 animatum)
629 1473 652 1508 sit
661 1472 768 1518 subjectum
778 1473 834 1508 etiam

47 1532 183 1574 sensationum3
197 1532 324 1577 quare-etiam
340 1531 418 1577 quando
437 1531 530 1576 imagines
550 1531 650 1567 sensibiles
670 1531 708 1577 agit
727 1533 745 1567 et
763 1533 830 1575 versat,

49 1592 112 1626 «haec
125 1600 164 1626 non
177 1593 220 1626 sunt
233 1592 296 1625 tamen
310 1591 386 1626 rationis
402 1591 492 1636 expertia,
508 1601 543 1626 nec
562 1590 673 1626 hominibus
693 1591 841 1639 pecoribusque

48 1649 173 1685 communia»
188 1648 227 1693 (De
241 1649 290 1685 Trin.
305 1649 344 1693 Xll,
357 1649 375 1693 ii,
389 1650 405 1692 23
419 1649 441 1684 cr.
455 1660 519 1694 supra,
535 1648 556 1694 il.

97 1707 118 1743 b.
131 1708 230 1753 Tanquam
243 1708 314 1744 indicia
326 1710 376 1744 certa
389 1708 505 1754 operationis
519 1709 620 1753 rationalis,
633 1710 681 1744 haec
690 1709 761 1754 passim
772 1719 836 1744 recen·

50 1770 119 1803 sentus:
132 1767 215 1803 iudicare
228 1767 252 1802 de
265 1767 353 1803 sensibus
367 1770 384 1803 et
397 1768 421 1803 de
437 1764 565 1813 sensibilibus,
585 1779 651 1804 causas
671 1779 768 1814 quaerere,
789 1769 837 1803 ultra

50 1827 88 1861 vim
101 1826 211 1870 phantasiae
224 1827 327 1870 procedere
341 1826 468 1871 concipiendo
477 1826 548 1871 figuras
557 1827 683 1872 geometricas
692 1826 754 1871 (Saul.
765 1827 785 1871 ll,
795 1826 835 1870 xxi,

50 1883 87 1929 35),
100 1895 200 1920 numerum
213 1884 329 1930 ampliando,
343 1886 457 1931 corpuscula
470 1885 574 1921 dividendo
588 1885 626 1931 (De
641 1886 691 1922 Tria.
711 1886 742 1930 Xl,
763 1898 780 1930 x,
801 1884 837 1930 17).

52 1943 88 1979 Sed
102 1944 139 1979 hoc
151 1954 234 1988 quoque:
248 1944 272 1979 de
285 1944 344 1989 signis
358 1945 407 1979 recte
420 1937 503 1979 iudicare
512 1955 619 1989 eorumque
627 1945 756 1990 significatum
766 1940 843 1990 perspi-²

52 2013 99 2038 cere.
112 2003 186 2038 Etenim
199 2012 243 2037 cum
256 2002 301 2049 nihil
315 2003 361 2038 ratio
375 2003 399 2038 de
412 2003 525 2048 corporibus
538 2004 601 2049 potest
614 2004 661 2039 scire
670 2004 699 2040 vel
708 2003 792 2039 iudicare
802 2003 837 2039 nisi

53 2060 181 2096 nuntiantibus
194 2061 288 2105 sensibus,
302 2063 367 2107 posset
379 2062 427 2097 torte
440 2062 476 2097 dici
489 2062 660 2098 activitasrationis
670 2062 763 2099 interioris
772 2063 791 2098 in
801 2063 838 2098 hoc

53 2118 155 2154 consistere
168 2120 221 2164 quod
234 2119 289 2164 signa
301 2129 312 2154 a
325 2120 412 2155 sensibus
422 2121 515 2165 praestata
523 2120 660 2166 interpretetur.
670 2121 700 2156 De
707 2121 757 2157 Gen.
767 2121 794 2157 ud
801 2120 838 2157 Lit.

54 2178 93 2218 xli,
107 2178 143 2220 xiv,
156 2178 184 2213 29:
200 2177 267 2219 «Quid
281 2177 331 2213 enim
345 2177 413 2214 iaciant
426 2179 476 2214 oculi
490 2190 528 2214 non
543 2179 618 2223 habent,
632 2190 676 2215 curn
691 2179 753 2215 simile
768 2189 839 2225 corpus

54 2236 138 2279 viderint,
152 2236 204 2281 quod
217 2236 241 2271 ab
255 2236 292 2271 alio
305 2236 412 2281 discernere
425 2248 464 2272 non
478 2237 557 2282 possint
571 2240 603 2281 aut
616 2239 662 2283 quid
675 2238 731 2274 faciat
744 2238 802 2274 animi
812 2238 839 2273 in-

54 2294 118 2337 tentio,
131 2304 175 2329 cum
188 2295 206 2329 in
220 2295 296 2339 spirictu
309 2294 357 2332 tacta
369 2296 425 2338 tuerit
437 2297 523 2342 eorporis
536 2297 647 2341 similitudo,
661 2307 719 2342 quam
729 2307 769 2333 non
778 2298 840 2333 valeat

55 2352 170 2398 distinguere
183 2353 296 2398 acorpore?
306 2353 343 2390 Sed
353 2354 453 2390 adhibetur
462 2355 573 2399 intellectus,
582 2366 676 2401 quaerens
686 2357 733 2401 quid
742 2356 773 2392 illa
782 2356 839 2402 signi·

55 2412 112 2447 ficent
125 2412 153 2447 vel
167 2412 211 2448 utile
224 2413 306 2448 doceant
314 2427 328 2448 a.
844 2418 845 2421 ’

103 2479 122 2504 c.
136 2470 269 2511 Quamvislux
282 2472 405 2517 intelligibilis
418 2469 531 2518 plerumque
544 2473 634 2509 reteratur
646 2475 669 2509 ad
684 2475 800 2510 intellectum
810 2485 841 2510 su-

57 2529 155 2574 periorem,
169 2530 215 2565 ratio
229 2530 284 2566 etiam
297 2530 374 2566 interior
389 2542 430 2567 eam
450 2532 546 2568 evidenter
564 2532 647 2569 involvit.
667 2534 689 2569 In
709 2535 762 2570 lourz.
781 2533 841 2569 Euan.

15 2599 17 2603 ’
57 2588 87 2632 lll,
100 2590 116 2624 4:
131 2602 139 2618 «
149 2588 180 2624 Est
193 2590 287 2634 quaedam
301 2590 333 2625 lux
346 2590 452 2634 hominum.
466 2591 522 2628 Unde
535 2593 605 2628 distant
617 2593 705 2628 homines
718 2593 844 2639 apecoribus.
