1768 2978
49 103 52 107 .
67 73 89 108 36
248 75 275 108 ll.
289 93 295 98 -
309 81 335 108 DE
348 80 457 108 concentu
471 78 503 107 REI
519 74 666 105 lMMATERlALlS

116 204 135 229 a.
155 194 216 241 Saepe
234 196 296 231 narrat
315 194 337 230 Α.
350 205 388 239 qua
403 192 512 229 difficultate
532 188 686 227 materialismum
699 188 717 223 et
736 186 854 237 sensismum¹

67 254 140 300 exuerit
153 254 315 297 Manichaeorum,
335 254 406 298 quippe
419 253 451 298 qui
465 252 527 296 ipsum
547 250 609 285 Deum
622 249 716 293 tingerent
729 257 771 283 esse
789 247 851 282 lucem

67 313 171 356 quamdam
185 313 303 356 immensam,
312 312 346 347 sed
357 313 475 346 «tumentem
484 309 549 355 spatiis
558 310 644 344 locorum
653 308 710 351 atque
718 308 827 351 temporum
836 320 851 341 ».

122 475 146 516 ΙΙ.
161 474 286 525 Quantum
302 472 390 515 debeat
405 471 547 513 Platonicis.
561 491 569 497 ·
585 473 665 515 Contra
678 471 747 513 Acod.
764 472 799 521 ΙΙΙ,
817 485 851 521 xx,

68 546 104 593 43;
120 545 186 593 Quod
196 548 266 586 autem
277 545 414 585 subtilissima
425 544 505 583 ratione
516 541 687 592 persequendum
698 543 740 587 est3
757 541 784 581 ita
794 541 851 580 enim

69 612 108 650 iam
124 623 171 650 sum
189 611 285 656 allectus,
301 613 324 649 ut
338 610 389 657 quid
404 610 430 648 sit
445 620 526 654 verum,
545 620 588 647 non
606 607 713 646 credendo
728 606 799 645 solum
814 607 852 646 sed

68 676 130 714 etiam
153 675 291 722 intelligendo
309 674 468 722 apprehendere
490 674 623 721 impatienter
641 672 778 722 desiderem
794 671 852 719 apud

69 739 189 778 Platonicos
204 751 238 778 me
253 740 335 777 interim
351 735 409 785 quod
424 738 488 777 sacris
510 737 587 775 nostris
604 748 647 775 non
663 738 767 784 repugnet
782 747 852 783 reper-

68 807 137 843 turum
154 814 199 844 esse
214 802 308 843 conlido.
682 795 685 798 ’

115 872 155 916 De
177 870 222 911 Cin.
237 870 280 910 Dei
294 870 348 916 Vlll,
365 870 396 909 vi:
413 869 517 909 Viderunt
531 880 583 918 ergo
598 868 630 908 isti
647 866 785 917 philosophi,
797 879 852 917 quos

43 959 46 963 .
69 937 155 976 caeteris
177 931 219 975 non
242 937 348 975 immerito
370 936 426 974 tama
447 938 510 982 atque
532 935 600 983 gloria
622 934 727 983 praelatos
746 933 851 980 videmus,

69 1000 149 1039 nullum
172 1001 249 1048 corpus
264 1011 309 1039 esse
325 999 404 1038 Deum:
421 1002 441 1038 et
456 999 505 1038 ideo
520 1001 594 1038 cuncta
609 1009 699 1046 corpora
718 998 852 1037 transcende-

69 1067 117 1103 runt
131 1066 256 1111 quaerentes
267 1063 344 1102 Deum.
357 1063 460 1103 Viderunt
470 1063 574 1110 quidquid
590 1062 691 1101 mutabile
702 1065 740 1107 est,
752 1074 795 1101 non
806 1073 852 1101 esse

68 1139 175 1168 summum
192 1127 271 1167 Deum:
293 1130 313 1167 et
328 1127 376 1167 ideo
391 1138 476 1166 omnem
495 1127 587 1166 animam
603 1125 758 1175 mutabilesque
776 1137 852 1165 omnes

68 1195 154 1244 spiritus
168 1195 342 1235 transcenderunt
363 1196 488 1244 quaerentes
505 1205 612 1234 summum
629 1193 706 1233 Deum.
723 1192 806 1233 Deinde
824 1193 852 1233 vi-

69 1261 145 1300 derunt
166 1272 252 1300 omnem
274 1262 367 1308 speciem
390 1261 409 1299 in
432 1273 453 1299 re
475 1271 610 1308 quacumque
632 1259 735 1306 mutabili,
758 1271 800 1308 qua
822 1262 854 1299 est

69 1325 173 1372 quidquid
195 1325 246 1363 illud
268 1327 306 1371 est,
327 1336 415 1372 quoquo
430 1325 499 1364 modo
514 1327 534 1363 et
549 1324 710 1372 qualiscumque
725 1327 798 1363 natura
813 1327 852 1370 est,

69 1400 111 1427 non
127 1400 173 1427 esse
189 1400 251 1436 posse
266 1389 305 1427 nisi
321 1388 347 1427 ab
363 1388 398 1427 illo
414 1389 449 1435 qui
465 1400 513 1427 vere
530 1391 568 1434 est,
587 1388 636 1435 quia
652 1388 854 1428 incommutabiliter

69 1454 107 1492 est.
123 1452 154 1491 nc
168 1464 205 1501 per
220 1451 261 1491 hoc
275 1452 319 1491 sive
334 1452 424 1491 universi
441 1452 513 1491 mundi
529 1463 614 1500 corpus,
628 1452 716 1500 figuras,
733 1453 851 1500 qualitates,

70 1519 233 1568 ordinatumque
249 1520 368 1566 motum...;
389 1518 433 1559 sive
447 1530 533 1559 omnem
549 1518 638 1566 vitam,
658 1517 726 1568 qualis
740 1521 772 1559 est
787 1518 807 1558 in
822 1530 853 1559 ar·

69 1584 182 1624 boribus...
199 1585 220 1623 in
235 1584 374 1633 pecoribus...
390 1585 410 1624 in
426 1585 574 1625 hominibus...
592 1585 611 1624 in
627 1584 715 1633 angelis,
728 1585 767 1625 nisi
779 1585 805 1625 ab
817 1585 853 1625 illo

70 1661 115 1688 esse
130 1661 173 1688 non
189 1661 259 1697 posse,
276 1650 311 1696 qui
326 1650 450 1697 simpliciter
465 1652 505 1689 est:
522 1650 571 1697 quia
586 1661 629 1688 non
644 1650 701 1689 aliud
717 1650 745 1688 illi
757 1653 852 1699 estesse,

70 1713 126 1751 aliud
147 1713 224 1757 vivere,
241 1714 300 1760 quasi
323 1716 394 1760 posset
409 1724 454 1752 esse
476 1725 519 1753 non
534 1714 632 1753 vivens...
648 1714 686 1752 sed
701 1714 760 1761 quod
778 1707 852 1753 estilli

70 1777 147 1822 vivere,
164 1776 287 1824 intelligere,
303 1777 388 1815 beatum
404 1788 457 1822 esse,
473 1776 514 1815 boc
529 1779 560 1816 est
575 1777 603 1815 illi
619 1789 672 1816 esse.
696 1778 785 1825 Propter
799 1778 854 1817 hanc

71 1840 303 1882 incommutabilitatem
319 1843 339 1882 et
353 1841 509 1898 simplicitatem
520 1841 666 1883 intellexerunt
681 1854 730 1884 eum
746 1846 766 1884 et
780 1844 853 1884 omnia

71 1909 117 1959 ista,
130 1909 212 1955 iecisse,
235 1912 255 1949 et
277 1910 346 1957 ipsum
368 1922 379 1949 a
401 1910 460 1949 nullo
477 1909 522 1949 lieri
541 1911 642 1958 potuisse.
659 1910 854 1951 Consideraverunt

71 1974 135 2019 enim,
146 1974 250 2022 quidquid
261 1977 299 2020 est,
311 1974 343 2013 vel
354 1986 432 2022 corpus
447 1986 492 2013 esse
507 1975 539 2014 vel
555 1976 627 2022 vitam,
639 1976 757 2024 meliusque
773 1977 853 2025 aliquid

71 2038 134 2076 vitam
150 2049 195 2076 esse
210 2049 273 2085 quam
289 2049 379 2085 corpus;
399 2039 535 2087 speciemque
550 2041 646 2087 corporis
661 2051 707 2079 esse
722 2040 852 2088 sensibilem,

72 2100 224 2148 intelligibilem
240 2102 301 2140 vitae.
314 2101 405 2140 Proinde
416 2102 569 2149 intelligibilem
580 2104 673 2150 speciem
684 2104 778 2144 sensibili
795 2117 853 2153 prae·

71 2165 188 2206 tulerunt...
204 2165 267 2205 Nulla
282 2168 312 2206 est
327 2166 383 2206 enim
399 2166 534 2215 pulchritudo
549 2168 692 2218 corporalis...
709 2168 735 2209 de
753 2181 795 2220 qua
810 2181 853 2211 non

72 2233 154 2279 animus
169 2232 254 2273 iudicet.
270 2231 331 2279 Quae
353 2233 449 2282 prolecto
471 2245 514 2275 non
536 2237 615 2284 posset,
636 2236 674 2276 nisi
691 2236 766 2280 melior
781 2238 802 2278 in
818 2237 854 2278 illo

72 2301 127 2337 esset
141 2298 192 2337 baec
206 2299 295 2345 species,
311 2299 358 2338 sine
370 2302 453 2339 tumore
468 2300 538 2347 molis,
561 2302 606 2341 sine
623 2303 711 2350 strepitu
727 2305 793 2350 vocis,
809 2305 854 2343 sine

71 2363 140 2409 spatio
151 2363 182 2401 vel
198 2362 238 2401 loci
249 2363 281 2401 vel
296 2364 406 2410 temporis.
417 2362 458 2403 Sed
474 2364 501 2403 ihi
513 2376 606 2413 quoque,
622 2367 661 2405 nisi
678 2367 785 2407 mutabilis
799 2371 854 2408 esset

73 2422 95 2472 li.
107 2438 125 2464 e.
141 2427 223 2473 species
238 2427 258 2464 in
273 2423 361 2472 arnmot,
385 2438 427 2466 non
443 2428 495 2467 alius
513 2429 554 2468 alio
569 2430 645 2470 melius
662 2431 688 2470 de
703 2433 774 2480 specie
789 2434 854 2473 sensi-

71 2489 108 2528 bili
125 2489 251 2528 iudicaret...
268 2490 331 2529 Unde
346 2490 449 2538 ingeniosi
465 2494 485 2530 et
500 2493 556 2532 docti
572 2496 592 2532 et
607 2495 627 2533 in
642 2495 675 2534 bis
689 2493 794 2536 exercitati
817 2498 855 2537 ho-

73 2554 140 2597 mines
155 2553 220 2614 lacile
230 2554 367 2604 collegerunt,
384 2568 426 2596 non
440 2569 486 2598 esse
501 2558 521 2598 in
537 2558 566 2600 eis
577 2559 640 2602 rebus
650 2561 739 2611 primam
751 2563 853 2614 speciem,
