1768 2978
57 88 80 124 ab
154 85 474 134 15.-'1uuurauu1n,aereau1i‚
494 95 594 126 muninus
611 93 747 124 PARTICIPATA

58 211 114 249 enim
129 211 160 250 sic
174 211 259 251 fuerunt
273 214 295 251 ut
310 223 355 251 esse
377 211 504 257 desinerent,
520 211 555 249 aut
570 209 600 248 sic
621 208 691 247 futura
712 210 761 247 sunt
783 209 843 257 quasi

58 287 114 314 nunc
129 287 171 315 non
193 277 246 323 sint;
262 276 299 315 sed
322 276 413 327 idipsum
436 287 482 315 esse
503 286 588 323 semper
604 272 736 320 babuerunt,
759 285 845 322 semper

58 339 154 379 habitura
169 343 224 380 sunt.
241 341 327 380 Manent
348 342 417 379 autern
434 351 477 379 non
492 340 513 378 in
528 339 595 388 spatia
610 338 707 378 locorum
722 337 764 377 lixa
779 338 843 378 veluti

58 416 155 453 corpora,
171 405 209 445 sed
224 406 245 444 in
260 408 333 444 natura
348 404 475 453 incorporali
490 405 521 443 sic
536 402 677 452 intelligibilia
695 405 779 452 praesto
795 406 844 444 sunt

58 470 134 508 mentis
156 469 283 518 aspectibus,
306 470 360 509 sicut
375 470 413 508 ista
428 470 449 508 in
464 469 516 508 locis
531 468 622 508 visibilia
637 468 669 525 uel
685 467 844 508 contrectabilia

58 535 154 582 eorporis
168 534 273 573 sensibus.
289 535 338 574 Non
354 536 423 574 autem
439 524 514 573 solum
525 545 595 573 rerum
610 532 743 572 sensibilium
755 534 775 578 in
791 533 844 573 locis

58 599 175 647 positarum
191 601 276 638 manent
291 598 433 647 intelligibiles
449 598 636 647 incorporalesque
654 598 758 646 rationes,
770 610 844 638 verum

58 664 120 702 etiam
145 664 265 703 motionum
288 664 308 703 in
330 663 463 712 temporibus
487 657 641 703 transeuntium
663 664 843 713 sine-temporali

57 729 145 767 transitu
160 731 215 768 stant
236 729 299 768 etiam
322 729 380 777 ipsae
402 729 475 777 utique
497 728 649 776 intelligibiles,
665 740 709 768 non
724 728 843 769 sensibiles.

57 792 90 831 ild
101 804 153 841 quas
164 794 240 832 mentis
250 794 295 833 acie
306 794 415 846 pervenire
430 805 547 841 paucorum
563 795 606 840 est;
618 795 638 832 et
649 805 698 832 cum
714 794 843 842 pervenitur,

58 860 159 905 quantum
175 858 220 897 fieri
237 860 313 906 potest,
324 869 375 897 -non
390 859 411 896 in
426 859 456 897 eis
471 860 542 897 manet
560 858 605 906 ipse
620 861 741 906 perventor,
757 858 795 898 sed
810 871 844 898 ve-

58 922 94 961 luti
117 923 161 961 acie
183 923 228 970 ipsa
250 922 358 962 verberata
382 923 497 971 repellitur,
517 925 537 962 et
554 922 578 962 fit
595 922 848 975 reinontransitoriae

58 988 177 1026 transitoria
192 988 301 1035 cogitatio.

111 1052 146 1091 De
163 1053 255 1091 Immort.
277 1052 320 1091 An.
337 1053 350 1099 i,
369 1054 391 1091 l:
415 1053 466 1092 Item
488 1064 574 1101 semper
595 1055 626 1092 est
648 1052 766 1102 disciplina.
789 1054 844 1093 Nam

59 1117 117 1167 quod
133 1120 165 1162 est
179 1119 198 1156 et
214 1117 346 1156 immutabile
361 1119 399 1163 est,
415 1129 501 1165 semper
510 1118 537 1156 sit
551 1129 638 1157 necesse
653 1120 691 1157 est.
708 1118 759 1157 Esse
774 1121 844 1158 autem

59 1181 191 1229 disciplinam
210 1193 274 1220 nemo
289 1184 360 1230 negat.
377 1182 401 1220 Et
416 1182 512 1230 quisquis
534 1182 610 1221 latetur
624 1182 669 1221 fieri
685 1194 729 1222 non
744 1194 808 1231 posse
823 1186 846 1223 ut

59 1246 121 1285 ducta
132 1258 170 1294 per
180 1246 274 1285 medium
290 1246 391 1285 circulum
407 1246 462 1285 linea
477 1258 520 1286 non
530 1247 557 1286 sit
567 1248 672 1294 omnium,
689 1259 743 1296 quae
753 1259 797 1288 non
808 1260 846 1296 per

59 1310 153 1350 medinm
175 1311 288 1357 ducuntur,
307 1311 405 1357 maxima,
423 1311 486 1360 idque
501 1323 547 1351 esse
562 1311 651 1351 alicuius
661 1312 793 1361 disciplinae,
807 1313 845 1352 imss

59 1376 183 1415 mutabilem
199 1376 332 1424 disciplinam
348 1388 452 1423 essenon
467 1379 538 1425 negat.
592 1400 595 1404 ›

113 1442 140 1488 iv,
157 1443 180 1481 5:
197 1440 251 1487 Quis
273 1442 337 1488 enim,
354 1444 376 1481 ut
391 1442 431 1481 alia
446 1443 550 1490 omittam,
570 1445 605 1482 aut
620 1444 723 1483 rationem
746 1455 845 1484 numero-

60 1519 106 1546 rum
129 1507 252 1547 mutabilem
275 1507 351 1547 audeat
373 1508 450 1555 dicere,
469 1511 504 1548 aut
521 1511 586 1549 artem
609 1509 727 1558 quamlibet
748 1522 791 1550 non
807 1511 845 1551 ista

60 1574 140 1613 ratione
155 1576 264 1620 constare;
280 1575 315 1613 aut
330 1576 395 1613 artem
406 1585 449 1614 non
461 1586 507 1614 esse
517 1575 538 1614 in
549 1574 636 1622 artilice,
653 1576 716 1615 etiam
732 1588 780 1616 cum
796 1588 843 1616 eam

60 1650 103 1678 non
114 1641 220 1678 exercet...
232 1641 267 1678 aut
277 1639 336 1687 quod
347 1639 479 1688 immutabile
489 1642 521 1680 est
531 1631 702 1690 esse‘aiiquando
713 1653 756 1682 non
768 1654 844 1691 posse;

61 1708 95 1744 aut
110 1705 166 1744 aliud
182 1717 227 1744 esse
249 1708 323 1752 artem,
346 1705 402 1745 aliud
425 1707 543 1746 rationem?
558 1706 662 1753 Quamvis
684 1708 740 1746 enim
756 1719 789 1747 ars
804 1720 845 1748 una

61 1770 173 1809 multarum
196 1771 255 1818 quasi
278 1770 364 1818 quidam
386 1774 460 1811 coetus
482 1772 587 1811 rationum
603 1784 649 1812 esse
664 1772 753 1820 dicatur,
772 1775 845 1813 tamen

61 1847 93 1874 ars
108 1835 170 1874 etiam
186 1847 227 1874 una
242 1836 295 1874 ratio
306 1835 346 1875 dici
362 1837 471 1876 verissime
486 1839 549 1885 atque
564 1837 652 1886 intelligi
668 1840 746 1886 potest.
762 1837 804 1887 Sed
819 1839 845 1878 si·

61 1911 86 1938 ue
96 1899 137 1939 hoc
147 1900 191 1939 sive
202 1900 260 1946 illud,
272 1912 315 1940 non
327 1901 396 1940 minus
411 1901 565 1941 immutabilem
581 1905 647 1942 artem
663 1915 709 1942 esse
724 1903 844 1951 conficitur.

109 2030 128 2055 a.
142 2020 170 2056 Cl.
184 2021 274 2067 pleraque
293 2022 381 2068 excerpta
399 2034 456 2068 supra
475 2026 493 2059 et
511 2023 559 2059 inira
578 2024 638 2060 citata.
656 2025 682 2061 Ut
700 2027 756 2071 patet,
770 2025 792 2061 Α.
805 2036 845 2061 non

62 2080 140 2116 seorsim
153 2081 237 2126 singulas
250 2081 394 2127 intelligibilium
410 2084 534 2129 proprietates
547 2085 622 2136 evolvit.

93 2274 95 2277 <
116 2246 139 2285 ii.
155 2246 179 2286 ln
191 2246 303 2297 pluribus
320 2247 478 2289 inferioribus
489 2249 574 2302 aliquo
585 2250 659 2292 modo
670 2251 845 2293 realizantur.-

61 2314 95 2353 De
113 2314 165 2353 Vera
178 2314 225 2359 Rel.
241 2329 287 2362 xxa,
303 2317 329 2355 56
344 2315 378 2362 (de
394 2317 428 2357 illa
442 2319 568 2367 aequalitate
583 2323 603 2359 et
618 2321 697 2360 unitate
720 2322 785 2360 menti
805 2322 844 2361 soli

62 2378 167 2427 cognital:
184 2381 233 2419 Non
255 2382 310 2420 enim
334 2385 389 2422 recte
407 2383 447 2422 dici
470 2387 539 2432 potest
561 2385 678 2425 secundum
694 2398 741 2426 eam
757 2387 844 2427 iudicari

62 2444 176 2483 rotundum
192 2445 299 2493 canthum3
311 2449 331 2486 et
341 2459 384 2486 non
395 2449 512 2488 secundum
527 2462 574 2489 eam
590 2451 705 2491 rotundum
721 2453 844 2499 vasculum;

62 2511 97 2548 aut
111 2510 228 2549 secundum
244 2522 290 2550 eam
305 2512 420 2551 rotundum
438 2514 555 2562 vasculum,
571 2518 591 2555 et
606 2528 649 2556 non
665 2517 782 2557 secundum
798 2530 844 2558 eam

63 2574 177 2614 rotundum
199 2575 316 2616 denarium.
339 2576 439 2618 Similiter
453 2580 474 2618 in
489 2581 622 2629 temporibus
637 2585 700 2632 atque
715 2584 736 2623 in
751 2583 862 2624 motibus
