1768 2978
330 90 358 125 18.
371 109 378 116 -
391 98 418 127 oe
431 99 484 129 iners
775 99 794 134 51

13 206 63 241 certe
76 206 104 241 est
117 205 204 242 omnium
217 206 313 243 intellectu
326 208 454 255 difficillimus,
468 221 510 247 esse
523 213 579 249 etiam
593 213 651 260 longe
670 216 799 262 praecipuum.

14 264 126 301 Brevissime
138 264 158 301 in
171 265 202 301 De
216 265 264 302 Vera
276 266 317 307 Rel.
330 268 395 313 xxxix,
408 270 440 305 73:
454 284 462 300 «
471 270 494 321 Si
503 273 575 308 certum
590 275 618 309 est
632 275 651 309 te
664 275 799 311 essedubitan·

12 325 57 368 tem,
70 334 141 369 quaere
160 324 212 361 unde
225 326 248 361 sit
261 328 345 363 certum:
364 337 403 363 non
416 328 454 365 illic
471 329 511 375 tibi,
531 341 570 367 non
584 332 664 369 omnino
683 333 728 370 solis
743 334 799 370 huius

13 383 78 420 lumen
98 386 189 429 occurret,
202 384 236 421 sed
254 385 319 422 lumen
337 396 403 422 verum
422 388 475 433 quod
494 389 587 426 illuminat
605 402 682 428 omnem
701 392 799 429 hominem

12 442 120 479 venientem
141 443 160 479 in
182 444 233 480 bunc
251 446 346 481 mundum
355 459 370 481 ».
389 447 463 483 Pendet
480 449 633 494 itaquesolutio
654 451 768 488 diiiicultatis
789 463 800 488 a

13 504 80 538 natura
92 502 146 539 istius
159 503 307 540 illuminationis.
320 504 358 541 Sed
371 506 531 551 praemittendum
546 511 574 545 est
586 512 643 555 caput
656 510 680 546 de
693 511 752 547 loffis.

309 705 347 768 rs.
362 727 369 735 -
384 705 420 747 oe
439 705 502 747 ideis

68 819 152 866 Retrac.
169 821 184 868 l,
201 821 230 868 iii,
245 822 268 862 4:
285 822 330 862 Nec
344 815 405 862 Plato
419 823 506 871 quidem
518 824 538 864 in
549 824 590 864 hoc
600 826 684 873 erravit,
695 827 744 875 quia
754 838 800 866 esse

15 885 119 925 mundum
131 886 285 935 intelligibilem
301 887 378 927 dixit...
394 887 499 928 Mundum
510 889 590 938 quippe
601 889 635 930 ille
646 890 799 940 intelligibilem

15 952 145 1000 nuncupavit
160 952 227 1000 ipsam
243 953 347 992 rationem
358 953 510 1001 sempiternam
521 957 584 1003 atque
595 955 800 1003 incommutabilem,

15 1027 57 1066 qua
69 1015 119 1057 fecit
129 1016 187 1056 Deus
198 1016 310 1057 mundum.
327 1016 398 1064 Quam
414 1019 449 1067 qui
465 1030 518 1059 essev
526 1021 596 1067 negat,
608 1021 703 1069 sequitur
713 1023 735 1060 ut
746 1021 801 1061 dicat

16 1081 187 1122 irrationabiliter
204 1082 273 1122 Deum
293 1083 369 1122 iecisse
388 1083 447 1132 quod
464 1083 524 1132 iecit;
544 1087 580 1125 aut
596 1097 644 1125 cum
662 1085 748 1134 iaceret,
766 1089 801 1126 aut

15 1150 129 1196 antequam
147 1147 232 1195 iaceret,
249 1149 341 1188 nescisse
358 1148 409 1197 quid
427 1148 516 1196 iaceret;
534 1150 551 1190 si
568 1150 625 1199 apud
640 1162 689 1190 eum
704 1151 757 1191 ratio
772 1151 801 1191 i-

15 1213 84 1252 ciendi
102 1224 146 1252 non
165 1215 216 1253 erat.
237 1213 258 1253 Si
276 1225 327 1253 vero
347 1216 398 1260 erat,
416 1214 470 1254 sicut
487 1217 538 1262 erat,
557 1215 624 1264 ipsam
642 1216 725 1256 videtur
741 1216 801 1256 Plato

15 1289 103 1318 vocasse
117 1277 272 1327 intelligibilem
285 1278 397 1318 mundum.
414 1279 459 1319 Nec
472 1282 542 1319 tamen
557 1280 597 1320 isto
611 1281 697 1321 nomine
708 1293 747 1321 nos
757 1283 780 1321 ut
793 1303 801 1309 -

15 1341 94 1391 remur,
110 1344 127 1383 si
143 1344 184 1383 iarn
200 1344 250 1383 satis
265 1355 360 1383 essemus
375 1343 449 1384 litteris
463 1344 610 1385 ecclesiasticis
625 1345 709 1386 eruditi.

69 1408 103 1448 De
119 1408 170 1448 Diu.
194 1408 274 1458 Quaes.
292 1409 325 1455 83,
343 1409 392 1456 xlvi,
412 1411 420 1449 l
440 1408 546 1458 (quamvis
562 1421 641 1449 nomen
659 1410 753 1451 idearum
771 1411 801 1450 in-

16 1474 97 1513 venerit
114 1472 182 1520 Plato,
198 1485 242 1513 non
259 1474 341 1522 primus
358 1473 416 1513 ideas
431 1486 477 1514 esse
494 1473 614 1520 intellexitl:
634 1475 683 1514 Non
698 1478 729 1515 est
744 1476 799 1515 enim

16 1539 130 1579 verisimile
145 1539 252 1587 sapientes
266 1542 302 1579 aut
316 1538 386 1579 nullos
401 1538 466 1579 luisse
481 1542 528 1579 ante
543 1539 661 1587 Platonem,
677 1543 738 1580 aut...
752 1541 801 1579 istas

16 1615 60 1643 non
75 1604 213 1651 intellexisse;
232 1604 338 1653 siquidem
356 1606 413 1645 tanta
431 1605 452 1644 in
470 1605 500 1644 eis
517 1604 548 1644 vis
565 1605 706 1652 constituitur,
722 1608 745 1644 ut
762 1605 800 1645 nisi

16 1668 50 1708 his
65 1669 176 1709 intellectis
192 1669 277 1718 sapiens
292 1681 338 1723 esse
353 1680 417 1709 nemo
433 1670 507 1718 possit.
623 1713 625 1716 ,

70 1735 90 1774 2.
107 1734 169 1774 ideae
184 1735 249 1782 igitur
263 1735 327 1774 latine
338 1746 453 1783 possumus
463 1734 496 1774 vel
506 1734 587 1774 lormas
597 1735 630 1774 vel
640 1736 722 1783 species
732 1734 802 1774 dicere

18 1796 58 1847 [vel
73 1800 137 1840 etiam
153 1800 252 1846 rationes,
265 1796 359 1849 logoil...
371 1798 423 1840 Sunt
437 1811 530 1848 namque
545 1799 605 1839 ideae
620 1800 746 1849 principales
760 1799 802 1839 lor·

17 1876 64 1905 mae
79 1863 197 1914 quaedam,
205 1864 237 1904 vel
249 1865 341 1905 rationes
351 1876 421 1904 rerum
432 1863 518 1904 stabiles
531 1867 594 1913 atque
609 1864 801 1911 incommutabiles,

17 1941 72 1979 quae
89 1931 148 1979 ipsae
165 1929 268 1970 formatae
286 1941 329 1970 non
346 1933 402 1977 sunt,
418 1941 442 1969 ac
457 1941 495 1979 per
511 1930 552 1969 hoc
569 1932 666 1969 aeternae
680 1940 705 1969 ac
719 1941 803 1978 semper

17 1996 95 2035 eodem
106 1995 173 2035 modo
183 2007 206 2035 se
216 1995 325 2042 habentes,
335 2007 389 2047 quae
400 1996 420 2035 in
432 1995 502 2035 divina
513 1994 650 2043 intelligentia
660 1995 801 2034 continentur.

19 2061 43 2101 l-:t
62 2073 111 2101 cum
131 2062 189 2111 ipsae
209 2073 278 2110 neque
298 2062 393 2101 oriantur
412 2072 481 2109 neque
501 2060 610 2107 intereant,
631 2059 747 2100 secundum
768 2071 803 2100 eas

17 2129 88 2167 tamen
103 2126 190 2167 formari
204 2127 280 2166 dicitur
291 2138 355 2166 omne
365 2126 424 2175 quod
435 2127 484 2165 oriri
495 2129 516 2166 et
526 2126 610 2165 interire
621 2127 697 2173 potest,
708 2128 729 2165 et
739 2136 803 2165 omne

18 2192 77 2242 quod
95 2193 163 2232 oritur
180 2195 200 2233 et
218 2193 296 2233 interit.
315 2190 392 2232 Anima
410 2203 461 2232 vero
475 2193 568 2246 negatur
585 2202 620 2231 eas
638 2190 713 2231 intueri
731 2202 802 2239 posse,

18 2259 57 2298 nisi
73 2258 189 2306 rationalis,
206 2270 282 2298 casua
298 2260 356 2308 parte
371 2270 412 2307 qua
427 2256 516 2304 excellit,
533 2257 546 2297 i.
560 2268 579 2297 e.
596 2258 641 2305 ipsa
656 2258 726 2296 mente
740 2259 803 2305 atque

18 2324 108 2372 ratione,
118 2325 178 2374 quasi
189 2325 282 2374 quadam
292 2324 346 2364 facie
356 2324 388 2364 vel
399 2323 462 2364 oculo
473 2334 512 2363 suo
523 2323 622 2362 interiore
632 2324 695 2371 atque
705 2321 803 2371 intelligi-

18 2390 63 2431 bili.
80 2390 105 2430 Et
119 2402 144 2430 ea
158 2390 246 2439 quidem
262 2390 307 2439 ipsa
317 2389 425 2429 rationalis
435 2389 505 2428 anima
515 2399 559 2428 non
569 2388 639 2427 omnis
654 2390 674 2427 et
688 2387 802 2436 quaelibet,

18 2456 56 2496 scd
74 2468 128 2506 quae
146 2458 218 2496 sancta
236 2459 256 2496 et
274 2467 326 2505 pura
343 2455 413 2502 tuerit,
432 2454 484 2494 haec
501 2454 600 2494 asseritur
617 2453 645 2492 illi
664 2453 739 2493 visioni
758 2464 803 2493 esse

19 2522 106 2562 idonea:
123 2523 137 2562 i.
149 2534 177 2569 e.,
189 2533 243 2570 quae
254 2521 313 2561 illum
325 2522 394 2570 ipsum
405 2519 491 2560 oculum
507 2530 550 2568 quo
563 2518 660 2559 videntur
670 2519 716 2565 ista,
728 2529 803 2558 sanum

18 2589 39 2627 et
53 2588 159 2627 sincerum
175 2589 195 2627 et
209 2586 301 2626 similem
317 2586 349 2626 his
364 2585 427 2625 rebus
441 2583 563 2624 habuerit...
574 2582 629 2629 Quis
643 2582 719 2623 audeat
734 2582 804 2622 dicere
