1768 2978
176 49 193 86 3.
209 68 216 75 ·
230 56 271 85 NlSl
283 57 426 88 CREDlDfiRl'l'IS
439 58 483 87 NON
497 58 640 87 INTELLIGETIS
663 69 665 72 ·
793 49 804 84 3

5 191 7 197 1
58 178 89 204 a.
98 168 133 205 'Ch
147 168 196 216 ibid„
205 169 246 212 Vll,
259 180 278 214 x,
288 174 323 213 'xx,
336 169 375 214 xxi,
391 171 470 215 quando
485 170 531 215 legit
545 170 688 206 Platonicorum
703 169 773 214 scripta
788 171 806 205 et

15 229 69 267 Pauli
78 228 173 275 Apostoli.
188 228 261 265 Contra
269 228 329 264 Acad.
339 229 369 274 Ill,
380 229 392 274 i,
405 232 420 265 l:
435 244 443 259 x
453 230 558 275 Negotium
567 230 654 265 nostrum
667 239 707 264 non
720 229 761 264 leve
774 230 806 264 aut

14 288 140 337 superfluum,
150 287 184 324 sed
194 283 323 325 necessarium
332 299 354 324 ac
363 300 461 326 summum
472 300 514 325 esse
523 290 608 334 arbitror,
618 299 735 335 magnopere
748 299 807 334 quae-

15 360 55 386 rere
64 340 161 385 veritatem
170 339 185 384 a.
199 347 253 385 solil.
267 348 279 391 I,
289 348 300 392 i,
309 349 330 384 3:
345 362 352 377 «
361 349 389 385 Te
397 348 473 396 invoco,
482 349 536 385 Deus
544 349 617 393 veritas,
627 349 646 384 in
659 358 699 394 quo
713 350 731 384 et
743 359 754 383 a
767 358 807 393 quo

15 411 34 446 et
46 419 80 455 per
93 419 151 454 quem
164 418 209 444 vera
222 409 272 452 sunt,
281 418 331 454 quae
344 418 388 444 vera
396 409 441 444 sunt
449 408 520 444 omnia.
534 408 587 444 Deus
596 407 694 454 sapientia,
707 408 726 443 in
740 417 780 454 quo
790 409 808 443 et

16 480 27 505 a
41 477 81 514 quo
91 470 110 504 et
124 478 158 513 per
167 477 226 512 quem
242 467 324 512 sapiunt,
333 468 367 512 qui
376 467 454 513 sapiunt
468 467 534 503 omnia
542 482 557 503 u.
572 468 594 511 ll,
609 468 633 511 vi,
642 469 659 504 9.
676 481 683 496 «ι
692 466 767 502 Exaudi
777 477 807 502 me

16 526 140 575 palpitantem
156 526 174 562 in
190 527 219 562 his
233 526 322 569 tenebris,
336 528 355 561 et
370 526 416 562 mihi
431 526 529 563 dexteram
544 526 627 572 porrige.
643 526 749 562 Praetende
762 525 808 561 mihi

16 588 81 623 lumen
92 587 153 630 tuum,
163 596 232 622 revoca
245 595 276 621 me
289 585 313 621 ab
326 586 432 629 erroribus;
445 588 463 622 te
476 586 525 621 duce
538 586 558 621 in
571 596 602 621 me
615 586 691 621 redeam
705 585 755 621 etin
768 586 809 620 te».

16 647 47 683 De
57 645 130 682 Ordine
138 645 161 690 ll,
170 656 202 690 xx,
211 646 243 681 52:
259 645 334 691 «Cujus
348 638 427 690 [matris]
441 645 530 691 precibus
543 644 673 681 indubitanter
681 644 739 681 credo
752 646 809 689 atque

17 705 112 742 confirmo
126 705 172 757 mihi
186 706 241 741 istam
255 707 338 741 mentem
349 704 412 741 Deum
426 705 508 747 dedisse,
518 707 538 741 ut
547 704 674 741 inveniendae
682 704 754 740 veritati
763 703 809 740 nihil

17 765 98 802 omnino
113 764 228 811 proponam,
241 764 287 801 nihil
301 764 353 800 aliud
366 765 430 809 velim,
443 764 489 800 nihil
503 765 593 811 cogitem,
606 764 652 800 nihil
666 774 729 800 amem
738 778 754 799 x.

72 823 93 859 b.
107 824 153 860 Non
166 824 221 860 facile
234 824 330 860 invenitur
342 824 415 860 veritas.
429 823 463 875 De,
474 823 520 860 Util.
534 823 630 860 Credandi
640 824 652 867 i,
666 825 685 859 l:
700 823 768 859 «Nihil
783 825 811 859 est

17 884 96 927 facilius,
106 883 132 919 mi
141 882 244 928 carissime,
253 894 312 928 quam
321 893 361 919 non
370 883 434 918 solum
443 894 464 919 se
473 883 542 928 dicere,
551 883 585 919 sed
595 882 651 919 etiam
661 883 735 929 opinari
744 893 810 918 verum

18 943 119 987 invenisse;
127 943 161 979 sed
168 953 227 988 quam
237 942 299 988 reipsa
306 942 439 978 difficillimum
447 943 471 979 sit
478 952 578 988 agnosces,
585 944 605 978 ut
614 942 698 986 conlido,
708 943 737 987 his
746 942 810 978 litteris

19 1003 90 1040 meis».
104 1003 177 1040 Contra
186 1002 238 1048 Epis.
248 1002 309 1038 Fuud.
323 1002 341 1047 ii,
355 1005 374 1038 2:
389 1017 397 1032 «
406 1002 433 1038 llli
446 1003 465 1038 in
478 1013 513 1038 vos
526 1002 616 1046 saeviant,
625 1003 658 1048 qui
667 1003 754 1039 nesciunt
767 1013 811 1038 cum

19 1073 58 1109 quo
68 1061 133 1098 labore
142 1057 208 1098 verum
217 1061 329 1107 inveniatur,
339 1063 357 1097 et
369 1073 427 1108 quam
441 1062 518 1098 diiiicile
531 1063 633 1098 caveantur
649 1072 740 1098 errores...
754 1063 811 1098 etc».

73 1131 93 1156 c.
107 1121 210 1170 Neminem
219 1120 268 1166 fugit
276 1121 352 1157 indoles
361 1122 393 1157 illa
402 1121 560 1157 interioritatum
570 1121 694 1167 philosophia
703 1121 811 1167 Augustini;

19 1182 50 1217 De
65 1181 113 1217 Vera
126 1180 166 1221 Rel.
180 1181 246 1225 xxxix,
260 1181 292 1217 72:
308 1181 370 1216 «Noli
383 1181 434 1216 toras
447 1181 483 1223 ire;
499 1181 518 1216 in
530 1181 613 1227 teipsum
627 1181 673 1217 redi.
689 1181 709 1217 ln
722 1181 811 1217 interiore

20 1240 98 1276 homine
112 1240 183 1276 habitat
191 1240 261 1276 veritas
270 1253 284 1275 a.
299 1241 346 1276 Prae
360 1240 420 1276 oculis
434 1241 490 1276 etiam
500 1240 610 1276 habendum
624 1243 651 1276 est
664 1243 756 1286 quantum
770 1240 810 1277 eius

20 1299 138 1345 experientia
150 1299 228 1346 propria
241 1301 259 1335 et
272 1310 345 1335 errores
358 1300 377 1335 in
390 1299 467 1335 veritate
480 1299 606 1346 assequenda,
615 1302 682 1345 postea
691 1300 774 1336 valerent
787 1301 810 1336 ad

21 1358 118 1395 doctrinas
131 1359 172 1395 eius
185 1358 347 1395 determinandas.

138 1508 161 1551 3.
177 1531 185 1539 ·
201 1506 258 1552 Nisi
276 1506 449 1557 credideritis
464 1520 519 1552 non
536 1507 699 1564 intelligetis.

77 1626 91 1665 ἰ,
106 1624 186 1667 Crede
202 1627 228 1666 ut
243 1622 375 1678 intelligas.
386 1652 393 1658 -
403 1630 437 1669 De
446 1630 492 1670 Lib.
503 1629 557 1670 Arb.
574 1630 598 1677 ll,
615 1631 637 1678 ii,
653 1631 677 1670 6:
693 1631 739 1671 Nisi
755 1631 810 1671 enim

23 1694 79 1734 aliud
90 1697 146 1735 esset
159 1695 245 1735 credere
256 1698 276 1736 et
286 1695 344 1735 aliud
355 1695 480 1744 intelligere,
492 1698 512 1735 et
523 1697 593 1745 primo
607 1696 737 1736 credendum
749 1699 811 1744 esset,

22 1759 81 1809 quod
97 1772 200 1809 magnum
216 1763 236 1800 et
251 1753 347 1801 divinum
363 1761 481 1809 intelligere
496 1773 623 1810 cuperemus
639 1758 716 1811 [agitur
731 1762 757 1802 de
773 1762 812 1802 Dei
842 1756 845 1761 ’

23 1822 160 1874 exsistential,
172 1825 249 1866 frustra
260 1826 364 1875 propheta
376 1827 470 1874 dixisset,
483 1824 541 1867 ‘Nisi
557 1827 689 1867 credideritis
700 1839 743 1867 non
754 1828 813 1868 intel-

23 1890 107 1939 ligetis’
125 1887 160 1939 [is.
176 1892 212 1939 vii,
230 1892 251 1939 9,
270 1889 390 1942 Septuag.].
412 1892 459 1941 lpse
477 1904 563 1942 quoque
581 1892 688 1932 Dominus
705 1895 777 1933 noster
794 1896 814 1934 et

24 1958 85 1998 dictis
95 1962 116 1999 et
125 1959 187 1999 iactis
197 1959 223 1999 ad
234 1958 365 1998 credendum
377 1959 447 2008 primo
458 1958 554 1999 hortatus
564 1961 603 2006 est,
615 1970 670 2008 quos
685 1959 711 1999 ad
724 1959 813 1999 salutem

24 2025 133 2065 vocavit...
145 2024 229 2065 Deinde
244 2025 285 2064 iam
301 2024 437 2065 credentibus
448 2024 506 2072 dicit,
526 2021 640 2071 ‘Quaerite
650 2027 671 2064 et
681 2025 813 2065 invenietis’:

24 2101 73 2129 nam
84 2102 154 2140 neque
165 2091 274 2131 inventum
286 2090 327 2130 dici
339 2092 409 2139 potest
419 2091 478 2139 quod
489 2091 622 2140 incognitum
633 2090 733 2137 creditur,
746 2102 815 2139 neque

25 2156 138 2204 quisquam
150 2155 279 2197 inveniendo
290 2156 337 2195 Deo
352 2155 376 2196 iit
392 2156 489 2203 idoneus,
502 2156 541 2196 nisi
553 2158 613 2195 antea
628 2156 741 2196 crediderit
756 2157 815 2205 quod

25 2213 62 2260 est
71 2224 146 2270 postea
160 2222 294 2271 cogniturus.

78 2287 113 2327 De
130 2287 316 2334 Veru'Rel.'xxiv,
334 2288 371 2327 45:
392 2287 540 2334 Quamobrem
561 2289 607 2336 ipsa
626 2299 713 2336 quoque
733 2288 816 2328 animae

26 2351 139 2399 medicina,
148 2364 203 2402 quae
214 2351 287 2393 divina
297 2353 431 2402 providentia
441 2356 461 2393 et
472 2352 573 2393 ineflabili
585 2353 726 2393 beneficentia
737 2354 817 2402 geritur

26 2416 130 2464 gradatim
146 2417 295 2467 distincteque,
308 2417 450 2467 pulcherrima
462 2420 500 2458 est.
517 2417 656 2458 Distribuitur
666 2419 722 2457 enim
735 2419 755 2458 in
768 2430 816 2459 auc·

25 2482 132 2523 toritatem
143 2485 207 2531 atque
218 2484 330 2523 rationem.
339 2482 460 2523 Auctoritas
469 2483 536 2523 iidem
547 2483 629 2532 flagitat
639 2486 659 2523 et
670 2484 745 2523 rationi
757 2495 816 2532 prae-

27 2549 85 2596 parat
100 2548 219 2588 hominem.
236 2549 297 2591 Ratio
312 2548 339 2588 ad
354 2542 484 2588 intellectum
502 2549 692 2598 cognitionemque
711 2549 815 2599 perducit.
