1768 2978
165 63 182 100 9.
196 82 203 89 ·
215 71 319 107 QUAENAM
332 73 417 105 VERlTAS
430 76 540 107 COMPETAT
555 79 650 108 SENSlBUS
778 72 798 106 31

15 187 76 229 sibile
86 188 145 235 quod
156 200 199 227 non
211 174 287 229 habeat
297 191 366 230 simile
376 192 437 238 falso,
449 194 476 232 ita
487 196 509 232 ut
520 195 633 234 internosci
645 206 688 233 non
699 195 801 242 possit...

16 253 36 292 Si
52 252 116 300 igitur
138 254 187 290 sunt
209 252 313 301 imagines
334 254 465 294 sensibilium
482 257 555 304 falsae,
571 269 626 305 quae
641 257 731 296 discerni
752 257 803 305 ipsis

16 317 114 361 sensibus
127 318 248 368 nequeunt,
264 322 285 360 et
299 320 351 361 nihil
366 322 444 371 percipi
465 325 535 372 potest
549 323 588 363 nisi
604 322 663 373 quod
678 336 690 364 a
704 323 758 364 falso
773 322 803 363 di-

15 384 125 429 scernitur,
142 395 185 423 non
200 387 232 424 est
245 385 348 446 judicium
363 387 456 427 veritatis
470 389 609 427 coustitutum
624 389 645 427 in
660 388 766 427 sensibus.

63 502 84 529 a.
98 491 126 530 Ex
139 491 217 531 duobus
230 492 295 541 primis
308 493 390 533 textibus
402 494 475 533 videtur
489 495 544 544 sequi
554 489 593 534 'nos
603 507 641 533 non
655 506 714 543 posse
722 506 746 534 ex
756 495 805 533 datis

16 564 107 590 sensuum
125 554 219 599 quidquid
237 556 308 590 certum
325 555 409 601 judicare
422 557 446 592 de
461 557 508 602 ipsis
525 557 587 592 rebus.
605 558 625 592 ln
642 558 697 593 tertio
714 559 804 602 excerpto

16 611 117 647 adducitur
125 614 259 656 argumentum
271 613 335 648 tritum
345 613 504 649 Academicorum
513 616 579 649 contra
587 615 682 649 criterium
691 614 805 657 Stoicorum,

16 670 27 707 i.
41 678 57 706 e.
70 669 137 706 contra
149 668 268 716 phantasiam
282 669 418 718 catalepticam.
431 670 476 708 Loci
490 671 555 718 utique
568 670 617 708 citati
630 670 650 707 in
663 670 758 719 prioribus
767 670 805 708 Au·

2 730 87 776 gustini
107 730 199 775 operibus
218 733 331 775 occurrunt3
344 732 377 768 sed
391 743 473 777 semper,
488 743 542 768 more
560 732 708 777 Platonicorum,
725 732 805 768 multum

17 788 86 823 diffidit
99 788 215 833 imaginibus
228 789 356 832 sensibilibus,
366 800 429 834 neque
442 801 527 835 unquam
541 790 672 825 certitudinem
681 801 705 825 ex
718 791 806 825 sensibus

17 844 100 882 habitam
120 845 256 881 conterendam
270 855 312 882 esse
325 846 398 882 censuit
417 856 461 882 cum
480 846 592 882 certitudine
607 847 631 882 de
650 846 805 893 intelligibilibus.

17 906 46 944 Cf.
58 907 89 943 De
102 906 143 943 Cir.
156 907 199 951 Dei,
212 908 244 952 xl,
257 908 308 944 xxvi.

71 1058 95 1100 ii.
111 1056 221 1101 Possunt
234 1059 317 1101 tamen
333 1070 422 1101 sensus
436 1057 624 1102 fundamentum
639 1058 757 1113 praebere
769 1059 806 1114 Ju-

18 1126 88 1166 dieiis
103 1127 177 1165 certis
192 1125 223 1166 de
238 1126 340 1166 rebus·
355 1130 389 1169 De
405 1130 458 1170 Gen.
474 1133 547 1169 contra
561 1118 624 1170 Mau.
641 1131 665 1176 ll,
681 1144 715 1176 xx,
731 1132 767 1170 30:
781 1132 805 1170 Et

18 1194 119 1241 quoniam
135 1195 260 1232 necessitate
274 1192 315 1239 jam
332 1205 369 1241 per
384 1194 424 1232 hos
439 1194 514 1232 oculos
524 1196 544 1232 et
555 1205 593 1241 per
602 1195 640 1232 has
652 1206 713 1232 aures
723 1194 749 1233 de
760 1196 805 1242 ipsa

17 1260 104 1301 veritate
119 1260 268 1307 admonemur,
280 1263 300 1301 et
310 1259 398 1302 difficile
408 1263 439 1301 est
450 1261 546 1302 resistere
559 1260 740 1311 phantasmatibus
750 1254 804 1311 quae

18 1338 55 1374 per
77 1328 129 1365 istos
150 1338 225 1365 sensus
247 1328 324 1366 intrant
340 1328 360 1365 in
375 1328 476 1372 animam,
491 1328 597 1374 'quamvis
612 1339 649 1375 per
663 1329 721 1375 ipsos
743 1329 805 1366 intret

18 1391 80 1431 etiam
97 1391 141 1441 ipsa
163 1390 283 1431 admonitio
305 1390 410 1435 veritatis:
426 1390 446 1430 in
462 1391 500 1430 ista
515 1401 567 1440 ergo
583 1390 726 1440 perplexitate,
745 1390 804 1438 eujus

8 1458 88 1498 ·vultus
102 1470 146 1497 non
160 1457 222 1498 sudet
238 1460 261 1497 ut
276 1458 390 1497 manducet
405 1469 481 1506 panem
496 1458 573 1497 suum?

71 1522 132 1570 Epis.
148 1522 195 1560 Xlll
211 1521 246 1566 (ad
261 1522 359 1566 Nebrid,
377 1522 440 1569 paulo
456 1524 504 1569 post
519 1533 574 1569 opus
590 1522 669 1560 Contra
683 1521 768 1566 sicud),
780 1523 803 1560 3:

19 1586 59 1628 l·lic
73 1585 162 1628 forsitan
177 1585 245 1628 dicas:
262 1596 384 1637 quanquam
400 1596 491 1637 corpora
513 1585 591 1637 percipi
610 1587 722 1636 nequeant,
739 1585 804 1626 multa

8 1665 58 1692 -nos
68 1657 138 1693 tamen
150 1654 176 1693 ad
191 1665 282 1701 corpora
297 1647 422 1701 pertinentia
437 1647 596 1700 intelligibiliter
610 1664 673 1700 posse
688 1654 803 1700 percipere,

18 1719 40 1755 ut
55 1720 86 1756 est
101 1718 160 1764 quod
182 1718 282 1755 novimus
304 1716 350 1754 esse
372 1728 458 1763 corpus.
474 1715 529 1760 Quis
548 1717 604 1754 enim
621 1719 692 1765 neget,
708 1720 743 1754 aut
757 1717 805 1763 quis

18 1782 60 1824 hoc
74 1783 188 1825 verisimile
203 1783 353 1833 potiusquam
369 1794 442 1823 verum
457 1794 503 1823 esse
518 1781 620 1823 fateatur?
631 1780 660 1822 lta
670 1793 718 1823 cum
735 1780 804 1832 ipsum

18 1860 96 1896 corpus
111 1849 226 1888 verisimile
240 1850 273 1894 sit,
290 1860 336 1887 esse
351 1851 421 1887 tamen
437 1841 457 1886 in
473 1850 546 1886 natura
565 1848 606 1886 tale
625 1848 727 1894 quiddam
743 1849 806 1886 veris-

18 1912 96 1952 simum
112 1915 153 1952 est:
169 1923 222 1961 ergo
232 1922 311 1960 corpus
321 1910 428 1957 sensibile,
440 1922 485 1949 esse
496 1913 570 1964 autem
581 1921 659 1958 corpus
674 1910 806 1959 intelligibile

18 1978 133 2026 iudicatur;
149 1991 193 2019 non
208 1980 264 2020 enim
280 1980 353 2035 posset
367 1978 427 2018 aliter
441 1977 560 2027 percipi...
576 1977 596 2017 4.
608 1976 660 2017 illud
673 1976 732 2026 quod
747 1977 806 2017 intel-

18 2044 84 2090 ligere
99 2045 239 2091 appellamus,
256 2043 341 2082 duobus
356 2042 426 2081 modis
441 2043 461 2080 in
476 2041 539 2080 nobis
553 2042 610 2080 fieri:
626 2044 662 2080 aut
676 2043 721 2089 ipsa
736 2054 806 2090 perse

19 2110 90 2148 mente
105 2107 264 2159 atqueratione
279 2106 412 2155 intrinsecus,
424 2107 446 2145 ut
456 2115 506 2144 cum
523 2104 661 2154 intelligimus
675 2115 721 2145 esse
736 2105 805 2155 ipsum

19 2174 160 2221 intellectum;
176 2176 211 2214 aut
226 2173 372 2213 admonitione
383 2184 394 2211 a
404 2171 509 2217 sensibus
521 2173 544 2210 ut
558 2170 579 2210 id
595 2171 653 2219 quod
668 2172 710 2220 jam
726 2171 805 2211 dictum

19 2240 57 2283 est,
73 2250 122 2277 cum
138 2238 277 2285 intelligimus
292 2248 338 2275 esse
354 2247 439 2283 corpus.
671 2268 675 2272 ,

72 2302 107 2344 De
123 2301 180 2344 Tria.
196 2300 241 2350 XV,
258 2300 293 2350 xii,
309 2300 345 2342 21:
362 2298 417 2341 Cum
439 2298 495 2340 enim
511 2297 555 2339 duo
574 2297 615 2339 sint
636 2309 714 2348 genera
736 2309 805 2339 rerum

20 2381 73 2416 quae
88 2371 193 2409 sciuntur:
210 2381 276 2408 unum
294 2379 366 2407 earum
382 2378 436 2415 quae
451 2377 577 2414 persensus
599 2367 696 2413 eorporis
718 2367 807 2414 percipit

20 2427 111 2473 animus,
127 2428 216 2466 alterum
231 2437 303 2471 earum
319 2436 373 2472 quae
389 2436 458 2471 perse
469 2425 550 2470 ipsum;
567 2424 632 2461 multa
643 2423 672 2461 illi
684 2424 806 2471 philosophi

20 2487 159 2541 (Academici)
174 2491 293 2543 garrierunt
314 2490 387 2531 contra
408 2487 505 2539 corporis
527 2497 640 2528 sensus...
663 2486 705 2528 Sed
727 2487 807 2529 absita

20 2557 82 2599 nobis
97 2562 119 2599 ut
134 2571 158 2599 ea
173 2570 228 2608 quae
243 2568 369 2607 persensus
388 2556 484 2603 corporis
504 2554 625 2601 didicimus,
642 2566 690 2594 vera
708 2566 754 2595 esse
769 2555 807 2594 du-
