1768 2978
329 75 345 109 8.
363 93 370 100 ·
387 82 413 109 DE
427 80 508 126 visioni?
521 78 635 109 SPlRlTUALl

142 192 205 241 Coaf.
222 193 257 239 xl,
273 194 335 239 xxvii,
351 192 412 232 35-36
430 191 461 237 (ln
483 202 544 230 versu
566 190 663 229 discerno
684 185 775 235 syllabas
797 185 873 233 longas

88 257 108 294 et
122 254 215 302 brevest:
232 256 290 303 Quid
306 259 336 296 est
351 267 402 305 ergo
418 254 475 304 quod
491 254 580 294 metior?
591 252 632 293 Ubi
644 253 675 291 est
685 262 727 299 qua
740 250 817 289 metior
826 249 873 289 bre·

88 321 132 362 vis?
147 320 182 362 ubi
198 324 229 362 est
243 322 308 371 longa
322 333 385 371 quam
401 320 490 362 metior?
505 318 579 361 ambae
591 318 715 364 sonuerunt,
727 314 872 378 avolaverunt,

89 388 246 435 praeterierunt,
262 387 304 435 jam
320 399 362 427 non
377 389 435 427 sunt:
452 388 472 426 et
487 398 528 435 ego
544 385 626 432 metior,
638 383 772 430 fidenterque
786 393 873 430 respon·

89 451 137 497 deo,
149 455 250 499 quantum
267 453 379 491 exercitata
393 462 456 490 sensu
471 450 551 495 fiditur,
563 449 619 488 illam
635 447 733 495 simplam
749 457 803 492 esse,
816 446 872 485 illam

88 514 183 562 duplam,
200 516 219 553 in
237 516 306 563 spatio
327 515 406 553 scilieet
427 514 537 561 temporis.
560 514 636 560 Neque
658 511 699 550 hoc
720 521 817 558 possum,
833 510 872 549 nisi

88 579 137 626 quia
152 580 303 626 praeterierunt
313 581 333 617 et
343 578 415 617 finitae
429 580 484 617 sunt.
496 577 545 616 Non
561 574 612 624 ergo
628 576 692 624 ipsas,
707 585 762 623 quae
775 574 872 622 jamnon

88 648 143 693 sunt,
160 645 197 686 sed
211 645 291 696 aliquid
307 646 326 686 in
342 645 444 686 memoria
460 656 506 685 mea
521 644 604 691 metior,
616 641 674 693 quod
690 640 777 682 infixum
794 641 873 682 manet.

89 712 121 751 36.
138 711 160 750 ln
175 714 203 758 te,
219 713 288 751 anima
303 723 370 758 meus,
386 714 483 760 tempora
498 721 545 750 mea
560 710 644 749 metior.
660 709 709 749 Noli
726 707 776 747 mibi
793 707 874 747 obstre-

90 788 146 823 pere,
162 776 220 823 quod
235 778 276 815 est:
293 776 335 815 noli
351 776 387 815 tibi
403 775 526 822 obstrepere
540 774 607 813 turbis
622 774 760 813 affectionum
780 775 872 812 tuarum¹

90 840 112 878 ln
126 842 154 885 te,
170 840 264 886 inquam,
276 842 372 887 tempora
387 850 434 877 mea
449 839 535 884 meti0r;
549 835 683 883 allectionem
695 848 759 884 quarn
771 847 804 875 res
815 847 873 884 prae·

89 904 194 941 tereuntes
209 902 229 940 in
244 904 264 941 te
279 901 364 947 iaciunt,
380 904 462 940 etcum
479 900 525 940 illae
545 900 689 949 praeterierint
709 901 786 945 manet,
805 899 873 947 ipsam

90 968 166 1008 metior
181 969 320 1017 praesentem,
336 979 378 1008 non
394 979 429 1008 eas
443 978 497 1016 quae
515 965 667 1016 praeterierunt
681 967 704 1006 ut
718 964 789 1013 iieret;
806 963 873 1015 ipsam

90 1033 173 1079 metior,
189 1029 349 1091 camptempora
365 1033 448 1072 metior.

89 1187 112 1229 X,
125 1186 156 1233 xii,
169 1188 187 1221 et
199 1185 251 1229 Epis.
264 1186 297 1221 Vll
311 1185 342 1230 (ad
356 1186 449 1230 Nebrid.),
462 1187 501 1229 i,1:
517 1186 627 1221 «Memoria
639 1185 672 1221 tibi
686 1186 737 1220 nulla
750 1185 824 1220 videtur
832 1195 874 1220 esse

89 1254 147 1289 posse
159 1243 200 1278 sine
213 1243 328 1289 imaginibus
341 1245 359 1278 et
371 1244 486 1289 imaginariis
503 1244 554 1288 visis,
571 1254 620 1289 quae
638 1243 779 1288 phantasiarum
796 1243 875 1279 nomine

89 1304 184 1350 appellare
197 1303 278 1341 voluisti.
291 1303 332 1351 Ego
346 1303 396 1340 aliud
412 1303 499 1341 existimo
507 1319 522 1341 i.
536 1302 642 1351 Usurpatur
650 1314 688 1340 vox
702 1302 805 1340 memoriae
818 1302 842 1340 ab
852 1301 874 1340 Α.

90 1376 146 1401 sensu
159 1366 214 1401 valde
227 1365 297 1410 amplo,
310 1366 335 1401 ita
348 1367 368 1401 ut
380 1367 516 1411 complectatur
529 1366 594 1401 omnia
606 1376 655 1411 quae
670 1365 767 1401 inconscia
780 1365 799 1400 in
812 1365 876 1401 anima

90 1425 155 1467 latent;
172 1425 231 1459 immo
245 1425 269 1460 de
281 1424 323 1468 ipso
341 1425 405 1460 animo
422 1425 495 1469 dicitur,
513 1425 570 1468 Coaf.
583 1425 606 1468 X,
620 1425 656 1469 xiv,
674 1425 707 1460 21:
722 1435 781 1460 «curn
799 1425 875 1460 animus

90 1482 113 1517 sit
126 1482 181 1517 etiam
194 1483 236 1526 ipsa
248 1483 340 1518 memoria
348 1496 363 1516 τ’».
372 1483 402 1518 De
413 1483 462 1518 Tria.
472 1483 511 1526 XV,
521 1482 559 1525 xxi,
568 1484 597 1526 40,
607 1484 710 1518 memoriae
722 1482 787 1518 tribuit
801 1494 875 1518 «omne

90 1540 143 1583 quod
156 1541 232 1583 scimus,
245 1540 318 1575 etiarnsi
331 1550 370 1575 non
383 1541 428 1574 inde
440 1531 570 1585 cogitemus&
583 1542 602 1575 et
614 1540 701 1585 explicite
714 1541 771 1576 docet
783 1541 823 1576 dari
837 1552 876 1576 rne-

91 1597 170 1632 moriam
183 1597 239 1632 etiam
252 1597 388 1641 praesentium
401 1597 449 1633 Ibid.
462 1598 510 1641 XIV,
523 1597 548 1641 xi,
563 1599 593 1632 14:
608 1611 616 1626 i:
624 1597 674 1633 Cum
687 1608 734 1643 ergo
743 1598 779 1634 sibi
793 1597 828 1643 [vir
836 1596 875 1643 ille]

91 1669 181 1704 praesens
194 1660 247 1704 esset,
261 1657 314 1695 nullo
327 1657 386 1695 modo
399 1657 427 1694 sui
441 1657 564 1705 meminisset,
577 1657 612 1695 nisi
626 1658 649 1695 ad
665 1669 694 1695 res
711 1659 820 1706 praesentes
837 1670 876 1696 me-

91 1718 152 1754 moria
164 1718 264 1763 pertineret
272 1730 293 1761 »3
306 1718 354 1754 laia.
366 1719 389 1763 vi,
402 1720 422 1754 S:
437 1733 444 1748 «
453 1718 486 1754 sed
499 1721 562 1755 tamen
577 1719 650 1755 noverit
663 1729 689 1762 se,
697 1721 789 1764 tanquam
802 1719 844 1765 ipsa
852 1719 876 1755 sit

92 1776 127 1812 sibi
140 1776 232 1812 memoria
244 1777 297 1813 sui».
328 1814 330 1816 ,

146 1903 180 1941 iii.
194 1902 342 1942 phantasiae
357 1905 381 1942 et
395 1903 574 1953 phantasmata.
588 1929 595 1935 -
609 1908 644 1947 De
662 1909 721 1947 Mas.
742 1909 778 1955 Vl,
794 1911 821 1955 xi,
838 1911 874 1948 32:

93 1969 151 2010 llaec
166 1970 229 2021 igitur
244 1971 346 2011 memoria
363 1982 510 2021 quaecumque
525 1971 551 2011 de
566 1971 660 2012 motibus
679 1973 823 2022 animitenet,
839 1973 875 2024 qui

93 2036 193 2077 adversus
208 2037 342 2086 passionibus
356 2038 452 2087 corporis
466 2039 506 2079 acti
521 2041 577 2086 sunt,
593 2037 722 2088 phantasiae
742 2053 818 2091 graece
840 2053 876 2082 vo·

94 2104 176 2148 cantur3
192 2114 231 2141 nec
245 2104 330 2142 invenio
345 2103 395 2151 quid
411 2115 445 2143 eas
460 2103 523 2144 latine
538 2105 610 2144 malim
625 2117 711 2145 vocare:
728 2118 781 2154 quas
792 2119 830 2155 pro
841 2119 876 2147 co-

94 2166 157 2212 gnitis
172 2166 248 2205 habere
263 2168 326 2214 atque
341 2178 379 2214 pro
395 2168 506 2215 perceptis,
523 2168 637 2216 opinabilis
651 2169 693 2209 vita
708 2172 746 2216 est,
763 2172 876 2211 constituta

94 2230 114 2268 in
130 2231 176 2277 ipso
198 2231 274 2269 erroris
296 2231 389 2270 introitu.
405 2230 446 2270 Sed
461 2243 509 2270 curn
525 2232 564 2271 sibi
580 2233 612 2271 isti
629 2236 700 2272 motus
721 2238 840 2282 occursant,
856 2237 877 2275 et

94 2294 193 2339 tanquam
209 2292 296 2332 diversis
311 2296 331 2331 ei
346 2293 512 2341 repugnantibus
532 2295 654 2335 intentionis
668 2295 753 2336 flatibus
772 2301 875 2344 aestuant,

94 2356 147 2399 alios
161 2369 186 2399 ex
201 2356 246 2399 aliis
260 2357 354 2400 motibus
369 2358 461 2409 pariunt;
473 2370 516 2401 non
531 2359 573 2410 jam
588 2372 625 2402 eos
640 2361 675 2412 qui
690 2364 788 2405 tenentur
802 2376 827 2406 ex
842 2376 877 2406 oc·

94 2425 227 2465 cursionibus
251 2426 373 2474 passionum
395 2426 491 2475 corporis
513 2427 609 2476 impressi
629 2428 655 2468 de
669 2430 774 2479 sensibus,
796 2432 877 2472 similes

94 2492 164 2530 tamen
179 2493 278 2538 tanquam
294 2490 411 2539 imaginum
422 2491 532 2539 imagines,
548 2504 602 2542 quae
615 2493 767 2541 phantasmata
781 2497 822 2538 dici
834 2498 877 2547 pla·

94 2555 144 2593 cuit.
160 2553 226 2593 Aliter
244 2555 300 2593 enim
320 2556 393 2602 cogito
413 2558 493 2603 patrem
508 2568 579 2596 meum
595 2569 658 2606 quem
674 2560 724 2607 vidi,
740 2562 800 2601 aliter
813 2574 876 2602 avum
