1768 2978
83 72 104 107 10
295 73 311 108 6.
325 92 332 98 ·
345 80 446 109 ASCENSUS
459 79 539 108 ΑΝΙΜΑΕ
552 79 580 107 ΑΒ
594 77 652 106 DEUM

83 193 124 233 ictu
134 193 259 241 trepidantis
269 195 374 241 aspectus.
389 193 450 232 Tunc
464 204 514 232 vero
531 189 656 231 ‘invisibilia
670 191 706 229 tua
721 200 759 237 per
773 200 798 229 ea
812 200 868 238 quae

82 258 199 297 factasunt
214 258 331 297 intellecta'
348 259 456 306 conspexi,
472 257 510 297 sed
524 257 595 296 aciem
608 256 675 304 ligere
692 266 736 293 non
753 254 831 301 evalui,
847 256 868 294 et

83 334 205 371 repercussa
220 322 341 362 infirmitate
358 321 453 361 redditus
469 321 538 362 solitis
554 332 597 360 non
615 331 699 359 mecum
717 318 812 367 ferebam
827 319 866 358 nisi

83 390 188 427 amantem
200 388 324 427 memoriam
336 388 356 426 et
366 387 425 435 quasi
435 386 511 426 olfacta
522 385 677 425 desiderantem
688 395 743 433 quae
753 385 868 424 comedere

83 452 178 498 nondum
195 463 288 501 possem.
683 444 685 448 ⁴

138 516 201 565 Cous.
218 516 252 563 lx,
267 530 287 563 x,
303 517 329 555 24
346 514 486 564 (colloquium
508 513 624 561 Ostiensel:
647 513 747 562 Cumque
769 513 795 553 ad
817 525 867 554 eum

83 582 147 621 linem
156 592 226 620 sermo
238 581 394 630 perduceretur.
406 583 429 620 ut
438 577 553 620 carnalium
564 590 665 619 sensuum
677 578 790 619 delectatio
801 589 868 627 quan-

83 647 155 686 talibet
169 647 190 685 in
205 645 335 694 quantalibet
349 645 395 685 luce
410 657 512 694 corporea
527 656 577 694 prae
592 644 648 684 illius
664 644 719 684 vitae
736 643 868 692 jucunditate

14 729 17 731 ·
84 711 308 760 noncomparatione,
324 711 402 750 sedne
419 710 624 758 commemoratione
641 709 729 759 quidem
751 708 817 758 digna
838 709 867 749 vi·

84 776 175 821 deretur,
191 775 296 824 erigentes
310 786 349 814 nos
364 775 483 814 ardentiore
498 774 575 814 aflectu
595 774 616 813 in
638 774 660 814 id
682 774 761 822 ipsum,
784 784 867 823 peram·

84 840 203 880 bulavimus
217 839 321 888 gradatim
336 841 410 879 cuncta
427 838 546 887 corporalia
563 841 584 879 et
605 838 674 888 ipsum
697 831 787 886 caelum,
810 838 868 878 unde

83 906 114 944 sol
131 908 150 944 et
165 905 213 943 luna
228 907 248 943 et
262 904 334 943 stellae
349 904 418 943 lucent
432 915 496 952 snper
510 906 595 943 terram.
612 903 637 942 Et
651 902 721 943 adhuc
739 902 867 943 ascendeba-

84 981 131 1009 mus
146 970 232 1009 interius
247 969 361 1017 cogitando
376 970 397 1008 et
411 968 520 1017 loquendo
537 971 558 1008 et
575 968 672 1008 mirando
694 979 760 1017 opera
781 971 824 1015 tua,
847 970 868 1008 et

84 1035 180 1074 venimus
195 1035 216 1073 in
227 1036 307 1074 mentes
318 1036 407 1081 nostras;
419 1036 439 1076 et
449 1033 617 1074 transcendimus
628 1045 670 1081 eas.
682 1036 705 1074 ut
715 1034 867 1082 attingeremus

70 1100 193 1148 ·regionem
209 1099 309 1139 ubertatis
324 1098 471 1146 indeficientis,
488 1098 523 1139 ubi
539 1099 608 1148 pascis
630 1098 692 1139 lsrael
715 1100 735 1139 in
757 1102 866 1140 aeternum

84 1166 169 1205 veritate
185 1158 271 1214 pabulo;
287 1167 307 1204 et
322 1164 349 1220 ibi
365 1165 407 1204 vita
421 1166 523 1214 sapientia
538 1167 577 1213 est,
593 1178 631 1214 per
646 1177 710 1214 quam
725 1165 779 1205 liunt
794 1166 867 1219 omnia

84 1232 129 1278 ista,
146 1234 166 1270 et
180 1242 234 1280 quae
249 1230 333 1270 luerunt
347 1233 368 1270 et
382 1242 436 1279 quae
450 1223 520 1270 futura
533 1224 589 1278 sunt;
608 1234 627 1271 et
645 1231 690 1280 ipsa
712 1242 755 1270 non
774 1230 806 1279 iit,
829 1231 867 1271 sed

83 1297 113 1336 sic
128 1299 159 1336 est
173 1299 195 1336 ut
209 1296 255 1342 luit,
272 1298 292 1335 et
306 1297 336 1335 sic
350 1296 389 1335 erit
403 1307 494 1345 semper.
510 1294 569 1343 Quin
584 1297 655 1345 potius
665 1296 731 1337 luisse
741 1299 762 1337 et
771 1296 866 1337 futurum

83 1372 186 1401 essenon
202 1363 233 1400 est
248 1361 268 1399 in
283 1372 314 1407 ea,
330 1360 367 1400 sed
383 1372 429 1400 esse
443 1361 520 1407 solum,
536 1361 638 1410 quoniam
653 1363 736 1402 aeterna
755 1365 799 1409 est;
817 1374 866 1402 nam

83 1426 148 1466 fuisse
163 1428 183 1465 et
197 1426 290 1465 futurum
305 1437 351 1465 esse
366 1437 408 1465 non
424 1429 455 1466 est
469 1429 586 1466 aeternum.
603 1426 627 1466 Et
642 1427 693 1466 dum
717 1427 826 1477 loquimur
847 1430 867 1467 et

84 1491 189 1530 inhiamus
204 1490 240 1537 illi,
257 1491 379 1539 attingimus
394 1502 440 1531 eam
456 1491 540 1531 modice
554 1494 600 1531 toto
615 1493 657 1531 ictu
672 1492 751 1532 cordis.
763 1492 788 1533 Et
798 1493 867 1542 suspi-

85 1557 176 1596 ravimus
191 1559 211 1596 et
226 1556 349 1605 reliquimus
364 1556 391 1596 ibi
407 1556 504 1605 religatas
519 1558 622 1605 primitias
637 1558 730 1607 spiritus;
749 1561 769 1598 et
781 1564 866 1599 remea-

84 1623 153 1661 vimus
167 1622 193 1661 acl
208 1622 318 1669 strepitum
334 1622 376 1661 oris
391 1622 464 1669 nostri,
481 1621 517 1661 ubi
532 1622 620 1662 verbum
635 1626 656 1663 et
671 1624 770 1672 incipitur
784 1627 805 1664 et
819 1624 865 1664 fini-

85 1689 124 1726 tur.
141 1687 166 1726 Et
180 1687 231 1735 quid
246 1686 314 1728 simile
329 1686 400 1726 Verbo
415 1689 459 1733 tuo,
472 1686 566 1727 Domino
577 1691 657 1736 nostro,
670 1689 690 1728 in
701 1700 724 1728 se
735 1690 866 1738 permanenti

85 1753 129 1790 sine
144 1754 253 1797 vetustate,
269 1753 332 1799 atque
346 1751 453 1791 innovanti
469 1752 554 1792 omnia?

138 1858 158 1883 a.
174 1848 284 1884 Doctrinam
298 1859 352 1884 suam
368 1849 391 1884 de
406 1849 516 1894 'cognitione
531 1850 609 1895 exponit
624 1851 707 1887 maxime
722 1851 745 1888 Α.
760 1853 867 1889 secundum

85 1909 181 1943 momenta
194 1906 250 1952 nujus
263 1917 358 1951 ascensus,
371 1908 396 1943 ita
409 1910 429 1943 ut
442 1908 561 1954 potissimum
575 1912 676 1955 quaeratur
688 1911 789 1957 quomodo
803 1912 867 1948 Deum

85 1966 199 2002 noverimus.
212 1965 249 2002 Sed
262 1977 351 2002 ascensus
360 1967 390 2002 ille
399 1968 530 2013 complectitur
538 1968 616 2014 insuper
625 1971 643 2005 et
651 1970 757 2007 doctrinam
770 1971 795 2008 de
808 1972 867 2017 gratia

85 2027 103 2060 et
116 2025 211 2069 mysticam
221 2025 328 2070 Augustini.
342 2026 413 2062 Pluries
422 2026 519 2071 evolvitur,
528 2038 571 2063 cum
581 2027 641 2064 fusius
654 2031 694 2065 tum
707 2030 791 2074 brevius3
805 2030 828 2067 cl.
837 2031 868 2067 De

85 2083 125 2118 Lib.
138 2084 183 2119 Arb.
197 2084 218 2126 ll,
231 2084 290 2120 iii-xiii
305 2084 416 2130 (elaboratio
431 2085 557 2131 plenissima);
572 2087 603 2122 De
617 2088 665 2124 Vera
677 2088 717 2129 Rei.
732 2089 799 2135 xxxix,
812 2091 835 2127 73
848 2089 867 2136 (a

85 2143 195 2178 certitudine
208 2143 231 2179 de
244 2143 303 2179 dubio
317 2155 360 2180 meo
373 2146 450 2190 repente
463 2146 486 2181 ad
500 2145 569 2190 Deum,
582 2146 605 2182 cl.
618 2158 681 2193 supra,
701 2148 719 2193 5,
733 2147 757 2194 i);
771 2149 828 2194 Conf.
844 2151 866 2195 X,

85 2203 102 2237 vi
111 2204 129 2237 et
137 2213 178 2247 sqq.
192 2202 232 2247 (ubi
245 2203 370 2246 introducitur
382 2204 440 2250 longa
453 2205 550 2251 inquisitio
563 2206 587 2242 de
600 2206 708 2252 memoria);
721 2209 780 2245 Enar.
797 2210 817 2245 in
834 2210 866 2246 Ps.

86 2263 116 2306 xli,
125 2263 161 2297 let
167 2272 218 2308 sqq.;
226 2263 256 2298 De
263 2263 302 2299 Civ.
309 2263 348 2299 Dei
353 2264 401 2309 lllll,
408 2264 425 2300 vi
433 2263 542 2310 (quomodo
550 2265 641 2302 Platonici
649 2267 740 2313 gradihus
750 2269 866 2315 ascendant).

139 2320 160 2356 b.
173 2321 202 2357 nd
215 2321 309 2367 integrum
322 2333 421 2359 ascensum
431 2324 510 2369 pertinet
519 2324 605 2361 relutatio
615 2319 710 2372 sceptismi
724 2330 742 2365 et
754 2330 866 2366 constatatio

86 2391 115 2415 me
128 2381 219 2416 nonnulla
232 2381 279 2416 scire
294 2391 317 2417 eo
332 2382 374 2426 ipso
390 2383 442 2428 quod
458 2383 535 2427 dubito;
551 2383 574 2420 ci.
586 2384 618 2420 De
629 2385 669 2421 Lib.
682 2386 728 2422 Aru
741 2389 760 2423 et
774 2387 805 2423 De
819 2388 867 2425 Vera

85 2439 130 2484 Ral,
143 2441 179 2475 loc.
192 2440 221 2475 cit.
234 2440 271 2476 Sed
281 2441 398 2487 plerumque,
407 2442 440 2477 illo
453 2452 519 2488 gressu
529 2445 682 2490 praesuppositq
691 2446 757 2492 incipit
769 2458 780 2482 a
793 2448 867 2484 mundo

84 2509 187 2544 corporeo,
204 2509 242 2534 non
258 2499 282 2535 ita
296 2501 359 2535 tamen
374 2502 393 2535 ut
408 2502 504 2546 extemplo
519 2502 564 2538 inde
579 2503 602 2538 ad
619 2504 656 2540 Dei
671 2498 790 2543 existentiam
805 2508 867 2544 evolet

84 2558 101 2593 vi
116 2558 202 2604 principii
215 2559 332 2595 causalitalis.
348 2559 464 2597 Otiosiorem
478 2562 527 2598 viam
541 2564 559 2598 et
571 2564 678 2600 suaviorem
693 2567 797 2612 praeoptat,
812 2567 867 2614 cuius
