1768 2978
300 96 316 130 5.
331 115 337 121 -
351 102 387 135 our
402 78 492 131 punirer
504 100 591 134 arrooro
604 98 668 128 nourr

256 303 302 345 5.-
319 301 370 353 Qui
388 299 492 344 dubitat
509 297 610 354 aliquid
628 277 711 341 nouit.
766 319 768 321 >

148 432 162 472 i.
178 431 229 472 Nisi
247 443 322 478 esses,
336 429 387 471 ialli
404 442 453 471 non
470 440 563 481 posses.
577 453 585 459 -
599 432 633 471 De
646 430 692 471 Lib.
708 429 761 470 Arb.
778 429 803 477 ll,
820 429 849 476 iii,
865 430 878 468 7

94 499 216 547 (Quaeritur
233 500 344 549 quomodo
361 502 443 539 constet
461 498 530 538 Deum
548 494 614 542 essei:
633 493 658 536 Α.
677 495 749 543 Quare
767 496 825 543 prius
840 493 878 534 abs

94 568 114 605 te
129 577 215 615 quaero,
232 568 254 605 ut
269 565 295 604 de
312 564 489 604 manifestissimis
506 563 614 612 capiamus
632 562 751 608 exordium,
767 563 837 601 utrum
855 562 878 599 tu

95 632 139 679 ipse
149 631 185 671 sis.
201 630 233 670 An
248 633 269 670 tu
285 630 339 670 iorte
350 629 462 669 metuisne
473 629 493 668 in
504 629 543 668 hac
553 627 719 676 interrogatione
731 625 817 673 fallaris,
829 636 878 665 cum

41 745 43 748 .
94 696 167 745 utique
181 696 197 735 si
213 707 256 735 non
270 696 335 742 esses,
351 694 393 734 ialli
412 694 501 734 omnino
516 705 558 733 non
574 693 662 741 posses?
682 692 705 732 Ε.
724 691 791 739 Perge
807 690 878 740 potius

95 761 121 800 ad
136 763 224 800 caetera.
245 759 270 800 Α,
287 760 343 809 Ergo
361 760 462 808 quoniam
480 758 615 798 manifestum
633 760 665 797 est
682 769 728 797 esse
742 759 770 803 te,
786 768 825 796 nec
839 754 877 795 tibi

95 826 154 865 aliter
168 826 302 865 manifestum
318 827 373 864 esset
388 824 427 864 nisi
443 824 531 870 viveres,
548 822 569 862 id
584 834 671 871 quoque
686 821 821 862 manifestum
838 816 881 867 esa

95 891 164 930 vivere
172 893 199 930 te.
210 890 337 938 lntelligisne
348 890 386 929 ista
397 888 440 928 duo
450 887 497 928 esse
507 888 629 928 verissima?
640 887 663 926 E.
673 886 762 927 Prorsus
769 886 877 934 intelligo.

95 954 120 994 Α.
138 956 193 1004 Ergo
208 956 270 995 etiam
285 954 327 994 hoc
341 954 425 994 tertium
443 953 578 993 manifestum
593 955 632 1000 est,
648 952 689 992 hoc
706 954 744 998 est,
761 951 878 1000 intelligere

95 1023 123 1059 te.
140 1021 162 1059 Ε.
179 1020 322 1059 Manifestum.
338 1018 363 1058 Α.
379 1018 438 1065 Quid
454 1019 473 1058 in
489 1018 521 1058 his
536 1018 603 1058 tribus
618 1017 654 1058 tibi
670 1018 753 1067 videtur
763 1016 879 1057 excellere?

97 1085 119 1124 Ε.
136 1085 282 1133 intelligentia.
298 1083 323 1123 Α.
340 1082 430 1124 Curtibi
446 1083 488 1123 hoc
498 1084 594 1123 videtur?
609 1084 632 1123 Ε.
648 1082 705 1129 Quia
720 1094 768 1122 cum
783 1083 823 1122 tria
837 1082 879 1122 sint

96 1149 172 1189 lraec...
188 1149 223 1198 qui
240 1149 343 1197 intelligit,
360 1160 408 1188 eum
424 1152 444 1188 et
458 1160 504 1188 esse
520 1151 540 1188 et
554 1149 624 1188 vivere
639 1148 780 1188 certissimum
796 1150 835 1187 est.

44 1261 46 1265 y
148 1215 182 1254 De
195 1214 247 1254 Vera
256 1213 303 1258 Rel.
314 1214 382 1260 xxxix,
394 1214 419 1253 73
430 1212 552 1262 (postquam
563 1214 661 1262 exposuit
673 1224 784 1253 ascensum
795 1213 879 1252 animae

95 1279 121 1318 ad
139 1276 273 1324 Veritateml:
294 1277 336 1318 Aut
352 1279 368 1318 si
387 1290 429 1318 non
447 1278 515 1318 cernis
534 1290 588 1327 quae
608 1279 664 1325 dico,
684 1281 704 1318 et
723 1290 749 1318 an
769 1290 818 1318 vera
837 1278 879 1318 sint

96 1343 187 1390 dubitas.
203 1355 265 1383 cerne
281 1343 354 1383 saltem
370 1345 440 1383 utrum
455 1345 475 1382 te
490 1343 516 1383 de
532 1344 556 1383 iis
571 1343 667 1383 dubitare
685 1355 728 1383 non
746 1342 840 1389 dubites;
859 1345 880 1383 et

95 1408 111 1447 si
127 1410 207 1447 certum
223 1410 254 1448 est
268 1410 288 1447 te
303 1419 348 1448 esse
363 1407 503 1454 dubitantem,
519 1420 597 1456 quaere
612 1407 668 1448 unde
683 1409 709 1448 sit
723 1410 813 1448 certum.
829 1408 878 1447 Non

96 1472 137 1512 illic
154 1472 199 1519 tibi,
218 1484 260 1513 non
278 1474 367 1512 omnino
384 1473 437 1515 solis
454 1472 516 1521 huius
536 1473 607 1512 lumen
627 1476 730 1520 occurret,
749 1473 787 1513 sed
807 1473 879 1513 lumen

96 1549 169 1577 verum
180 1537 238 1585 quod
249 1537 352 1577 illuminat
363 1549 448 1577 omnem
460 1537 569 1577 hominem
581 1534 700 1578 venientem
716 1539 736 1578 in
752 1538 808 1578 hunc
819 1537 879 1578 mun·

96 1602 173 1642 dum...
189 1602 271 1641 Deinde
287 1602 381 1650 regulam
399 1602 466 1650 ipsam
484 1614 547 1650 qnam
563 1602 622 1642 vides
639 1604 729 1652 concipe
744 1603 785 1643 hoc
800 1603 877 1643 modo:

97 1667 167 1706 omnis
184 1667 259 1715 quise
276 1665 407 1706 dubitantem
425 1667 530 1715 intelligit,
546 1679 620 1707 verum
638 1667 743 1717 intelligit,
759 1670 779 1707 et
797 1668 823 1708 de
840 1668 880 1708 hac

97 1742 197 1779 requam
212 1731 316 1779 intelligit,
328 1734 396 1770 certus
407 1734 445 1771 est.
461 1730 539 1771 Omnis
554 1732 618 1780 igitur
630 1733 665 1781 qui
677 1735 747 1773 utrum
762 1733 789 1773 sit
804 1734 880 1773 veritas

98 1794 185 1841 dubitat,
204 1795 224 1833 in
241 1796 312 1844 seipso
332 1795 395 1835 habet
414 1793 487 1846 verum
507 1796 563 1836 unde
581 1808 623 1836 non
644 1796 737 1844 dubitet;
756 1809 795 1838 nec
812 1798 879 1838 ullum

97 1871 169 1899 verum
181 1860 219 1899 nisi
231 1861 316 1900 veritate
327 1872 399 1900 verum
410 1864 449 1900 est.
460 1862 509 1901 Non
521 1862 591 1910 itaque
602 1865 686 1911 oportet
697 1875 745 1903 eum
757 1863 783 1903 de
793 1865 880 1904 veritate

98 1923 200 1971 dubitare,
214 1925 252 1973 qui
268 1926 337 1973 potuit
351 1925 501 1974 undecumque
516 1926 626 1967 dubitare.¹

150 1989 184 2028 De
200 1989 256 2029 Tria.
272 1990 298 2036 X,
313 2002 333 2037 x,
347 1991 383 2029 xiv
398 1988 463 2037 (Quia
477 1991 529 2031 nilril
541 1994 602 2031 «tam
613 1993 678 2032 menti
689 1994 749 2033 adest
759 2005 823 2042 quam
835 1995 880 2043 ipsa

99 2065 185 2100 mens»,
197 2055 307 2102 quomodo
322 2056 404 2103 quaerit
413 2057 505 2105 seipsam
516 2060 613 2106 erratque
628 2058 655 2098 de
667 2070 705 2099 sua
715 2058 822 2106 natura?l:
839 2059 880 2100 Sed

98 2118 198 2165 quoniam
214 2118 240 2158 de
255 2121 328 2158 natura
343 2120 418 2160 mentis
433 2121 509 2169 agitur,
521 2133 669 2162 removeamus
683 2134 695 2163 a
709 2123 881 2165 consideratione

98 2184 169 2221 nostra
179 2193 254 2222 omnes
264 2184 349 2224 notitias
363 2197 418 2233 quae
428 2186 539 2234 capiuntur
549 2187 679 2228 extrinsecus
694 2200 731 2237 per
745 2181 820 2230 sensus
834 2202 880 2230 cor-

100 2247 167 2294 poris;
181 2249 200 2286 et
211 2259 235 2287 ea
245 2260 299 2297 quae
310 2250 420 2297 posuimus
431 2263 506 2291 omnes
516 2254 598 2292 mentes
608 2253 635 2293 de
645 2254 721 2303 seipsis
731 2266 795 2296 nosse
805 2258 881 2296 certas-

98 2322 139 2358 que
154 2323 199 2351 esse
214 2311 335 2361 diligentius
350 2315 491 2355 attendamus.
509 2313 593 2364 [Utrum
604 2318 636 2357 vis
646 2318 731 2359 vivendi
741 2321 762 2359 et
772 2320 880 2369 cogitandi

99 2376 119 2414 in
130 2376 192 2416 nobis
202 2381 308 2426 competat
318 2380 368 2426 aeri,
378 2381 429 2428 igni,
442 2382 480 2429 ipsi
492 2383 588 2431 corporis
598 2385 720 2432 compagini
732 2384 881 2427 dubitaverunt

99 2438 212 2489 hominesl.
228 2442 303 2483 Vivere
320 2457 342 2484 se
359 2448 430 2485 tamen
447 2449 467 2485 et
484 2448 606 2488 meminisse
623 2451 644 2488 et
661 2449 778 2499 intelligere
793 2454 813 2492 et
828 2452 881 2492 velle

98 2507 118 2544 et
128 2507 221 2554 cogitare
231 2510 251 2547 et
261 2509 314 2547 scire
324 2512 344 2548 et
354 2509 447 2556 judicare
458 2512 505 2559 quis
516 2511 611 2552 dubitet?
621 2513 804 2564 Quandoquidem
817 2517 880 2556 etiam

98 2570 114 2609 si
133 2571 221 2618 dubitat,
237 2573 299 2620 vivit;
316 2574 333 2613 si
351 2573 440 2622 dubitat,
457 2575 517 2616 unde·
530 2576 612 2617 dubitet
629 2579 737 2627 meminit;
756 2580 772 2619 si
790 2580 880 2629 dubitat,
