1768 2978
81 213 667 260 !urrunnunaitanutiara!irratauuiraturarranaaaarara!aaaranaaranintraturam
739 211 778 240 !1..
806 209 810 239 ε

457 637 486 685 ΙΙ

84 818 106 861 7.
122 841 129 848 -
148 816 185 875 De
201 814 308 859 visione
325 812 471 868 corporati,
488 811 503 855 i.
520 823 542 855 e.
555 822 603 867 per
614 822 711 854 sensus
728 809 866 853 externos.

137 933 151 971 i.
165 930 230 979 Quid
246 942 341 971 sensus.
355 955 362 961 -
377 933 411 972 De
422 932 502 981 Quam.
513 930 604 971 Animae
613 930 670 981 xxiii,
681 930 717 969 41:
734 927 759 968 Α.
772 928 866 977 Respon-

84 1001 133 1041 deas
146 1000 205 1047 mihi,
217 1000 319 1048 quidnam
334 998 371 1038 tibi
386 999 469 1038 videtur
484 998 522 1037 iste
536 1009 582 1037 esse
597 1007 672 1036 sensus
686 1007 730 1044 quo
745 995 815 1034 anima
830 1006 868 1043 per

83 1077 161 1115 corpus
171 1066 260 1105 utitur...
276 1064 357 1105 Vellem
373 1067 442 1103 autem
458 1063 541 1102 definiri
557 1062 608 1101 mihi
623 1061 660 1100 abs
675 1064 702 1107 te,
714 1059 766 1109 quid
781 1060 807 1099 sit
822 1060 867 1108 ipse

83 1142 165 1177 sensus,
184 1132 206 1169 ut
223 1130 297 1169 eadem
317 1128 441 1168 definitione
459 1127 531 1167 omnia
548 1127 582 1167 illa
601 1122 653 1174 [scil.
672 1126 766 1174 quinque
784 1120 866 1171 sensus]

84 1196 247 1242 includerentur,
264 1206 333 1242 neque
348 1193 405 1233 aliud
422 1193 538 1242 quidquam
555 1191 614 1240 quod
628 1202 703 1230 sensus
718 1201 761 1229 non
777 1192 832 1229 essct
847 1190 868 1228 in

57 1274 60 1279 ¹
84 1271 108 1299 ea
123 1259 309 1307 intelligeretur...
325 1257 415 1297 Attende
433 1268 495 1306 ergo:
514 1268 563 1296 nam
581 1267 666 1296 sensum
685 1257 737 1304 puto
755 1265 808 1300 esse,
825 1265 868 1293 non

84 1324 147 1364 latere
162 1324 253 1363 animam
270 1323 327 1372 quod
343 1323 421 1371 patitur
438 1333 523 1370 corpus¹
538 1334 585 1367 xxx.
601 1321 634 1360 48.
653 1319 698 1359 Cur
715 1331 767 1368 ergo
784 1317 869 1359 dubitas

84 1389 135 1437 quid
151 1388 179 1427 iili
195 1387 313 1427 definitioni
331 1387 357 1426 sit
374 1386 512 1426 addendum?
532 1386 555 1425 Ε.
570 1386 614 1432 Jam
630 1384 693 1423 video
711 1384 741 1423 sic
756 1395 802 1422 esse
817 1383 869 1422 defi-

85 1453 194 1499 niendum‚
210 1455 233 1491 ut
247 1463 321 1492 sensus
336 1452 362 1491 sit
377 1452 448 1499 passio
465 1451 561 1499 corporis
578 1461 616 1498 per
632 1450 723 1497 seipsam
742 1460 785 1488 non
802 1448 869 1488 latens

85 1518 188 1563 antmam3
204 1528 252 1556 nam
268 1519 288 1556 et
303 1516 373 1555 omnis
387 1527 462 1555 sensus
472 1515 513 1554 boc
524 1517 562 1562 est,
574 1517 594 1554 et
608 1525 673 1553 omne
687 1514 736 1561 hoc,
748 1515 770 1553 ut
783 1513 868 1561 opinor,

85 1592 159 1620 sensus
174 1583 212 1620 est.
228 1593 274 1627 xxx,
286 1581 319 1619 58.
336 1580 359 1618 Ε.
375 1579 447 1619 Manet
457 1591 509 1627 ergo
520 1578 554 1619 illa
564 1578 661 1618 definitio
676 1580 720 1618 tuta
735 1580 755 1617 et
770 1576 870 1626 probata?

85 1644 110 1685 Α.
127 1645 198 1684 Manet
212 1656 270 1684 vero.
457 1636 460 1640 ¹

139 1751 159 1788 a.
173 1753 217 1788 Loci
230 1753 326 1799 praecipui
339 1753 363 1788 de
376 1753 486 1799 cognitione
498 1752 590 1788 sensibili:
604 1752 635 1787 De
644 1751 715 1796 Qtrarzi.
724 1752 761 1787 An.
774 1751 869 1787 xxiii-xxx

86 1812 139 1858 (quid
153 1813 176 1848 sit
188 1811 274 1857 sentire);
289 1812 320 1847 De
333 1812 386 1847 Mus.
399 1813 423 1849 Vl
437 1811 514 1857 (corpus
530 1822 568 1847 non
584 1811 622 1857 agit
637 1811 655 1847 in
671 1810 772 1855 animam)·,
787 1810 818 1846 De
829 1811 870 1847 Lib.

86 1870 131 1906 Arb.
145 1871 166 1914 11,
179 1870 231 1905 iii-vii
244 1870 320 1916 (sensus
332 1869 426 1915 interior);
440 1870 470 1906 De
483 1869 533 1906 Tria.
546 1870 570 1906 Χ]
584 1869 682 1915 (trinitates
695 1870 714 1905 in
727 1870 806 1905 homine
819 1872 870 1906 exte-

87 1928 153 1974 riore);
170 1929 200 1964 De
223 1929 270 1965 Gen.
293 1929 320 1965 nd
333 1929 370 1965 Lit.
385 1929 418 1965 XII
434 1928 476 1974 (tria
493 1940 562 1974 genera
579 1928 688 1973 visionum).
703 1928 731 1965 Cf.
747 1929 872 1973 KLL1N‚D1'e

87 1987 250 2023 Erkanninislehre
262 1988 295 2023 des
307 1988 340 2023 Hl.
353 1987 382 2031 A„
396 1989 402 2023 l
415 1988 466 2031 Ten,
479 1987 564 2032 auson,
578 1987 707 2023 Introduction
720 1988 733 2031 1,
746 1987 781 2023 Ch.
795 1977 822 2023 ivss

141 2044 161 2080 b.
175 2045 255 2081 Additur
267 2045 372 2081 definitioni
386 2046 432 2081 iiiud
447 2056 495 2091 «per
507 2045 588 2091 seipsam
595 2059 610 2090 x,
624 2045 669 2091 quia
682 2046 771 2091 passione
784 2046 871 2092 corporis

87 2106 149 2148 potest
163 2104 237 2139 animae
253 2104 366 2140 manifestari
380 2105 452 2150 aliquid
467 2104 520 2150 quod
536 2115 575 2140 non
591 2104 675 2148 sentitur,
690 2116 707 2140 v.
720 2115 744 2150 g.,
757 2105 798 2140 viso
811 2104 871 2150 fumo,

87 2162 136 2208 ignis
145 2174 184 2199 non
193 2163 244 2199 visus
253 2163 375 2208 cognoscitur
383 2164 459 2207 adesse;
469 2163 519 2207 item,
530 2178 538 2194 <1
544 2174 588 2200 cum
597 2163 700 2200 crescimus
708 2164 737 2200 vel
747 2164 871 2209 senescimus,

87 2233 149 2267 neque
162 2222 181 2257 id
194 2233 230 2257 nos
243 2223 282 2258 ullo
295 2233 353 2258 sensu
366 2221 435 2258 sentire
450 2222 570 2258 manifestum
584 2224 617 2266 est,
631 2233 666 2257 nec
679 2223 698 2258 id
711 2226 775 2259 tamen
788 2223 871 2259 animam

87 2280 144 2316 later»
154 2280 206 2325 (xxv,
215 2279 252 2325 48).
265 2282 338 2317 Dicitur
348 2292 401 2317 «non
411 2282 489 2324 latere»,
499 2282 590 2327 quoniam
602 2282 639 2317 hoc
650 2292 753 2317 commune
766 2284 794 2317 est
807 2284 871 2319 sensui

88 2341 105 2375 et
113 2340 214 2375 inteliectui
223 2339 276 2385 (xxx,
285 2339 321 2383 58).
334 2340 367 2377 Vis
377 2340 492 2376 definitionis
501 2340 569 2377 clarius
578 2332 649 2386 patebit
657 2342 740 2378 textibus
749 2341 797 2378 infra
806 2343 872 2379 citatis.

141 2407 160 2433 c.
173 2398 203 2434 De
218 2398 267 2434 Trin.
281 2400 312 2443 lx,
325 2399 357 2443 xii,
375 2400 406 2436 18:
420 2399 519 2445 «Liquido
533 2400 638 2436 tenendum
653 2402 681 2436 est
696 2401 749 2446 quod
764 2401 827 2438 omnis
843 2413 872 2438 res

88 2468 228 2503 quamcumque
238 2458 379 2503 cognoscimus,
388 2460 503 2504 congenerat
512 2458 531 2493 in
540 2459 597 2494 nobis
606 2459 692 2495 notitiam
701 2460 736 2496 sui.
750 2460 779 2496 Ab
791 2462 873 2507 utroque

87 2516 137 2551 enim
150 2516 234 2561 cognitio
247 2516 323 2562 paritur,
336 2527 347 2551 a
359 2518 488 2563 cognoscente
501 2518 519 2552 et
531 2517 633 2563 cognito».
646 2518 704 2554 Nulla
717 2519 776 2554 oritur
789 2520 872 2556 sensatio

87 2585 160 2621 organo
174 2574 294 2611 non'affecto
303 2575 327 2611 ab
336 2575 401 2621 aliquo
415 2586 501 2622 corpore,
510 2586 545 2612 nec
556 2577 613 2612 ultam
627 2577 730 2623 imaginem
743 2578 816 2625 fingere
829 2590 873 2626 pos-
