1768 2978
217 16 246 53 19.
259 32 272 54 ·.
281 23 308 51 or
321 22 402 59 conlui:
417 24 562 61 mammarum
758 22 782 58 (13

10 136 31 186 bi
42 138 146 187 apparent
156 137 264 186 imagines
269 148 349 184 rerum,
359 138 464 187 aspecula
473 139 500 179 de
510 140 570 180 cuius
580 141 689 182 altitudine
697 141 787 192 longius.

0 201 76 252 liquid
91 203 207 249 intuemur,
223 202 286 242 etiam
301 214 357 242 sono
372 203 430 243 verbi
445 204 508 244 distat
522 206 622 253 omnino;
637 208 729 255 satisque
746 221 782 257 ap·

1 270 56 309 aret
70 267 199 317 Apostolum
210 267 328 317 avspeculo,
340 280 383 308 non
398 280 410 308 a
424 269 510 318 specula
520 270 605 318 dixisse,
624 268 728 320 ‘gloriam
739 272 782 314 Do·

20 333 48 373 ini
63 332 198 382 speculantes
207 332 221 373 ’·.

40 433 65 478 ³·
79 423 175 471 Opinatur
187 424 252 471 itaque
264 424 287 461 A.
300 425 391 470 singulari
405 427 490 472 quodam
503 427 602 474 privilegio
614 429 707 465 visionem
714 430 750 466 Dei
763 431 782 466 in

0 494 31 521 ua
43 484 149 521 substantia
161 494 274 521 concessam
287 495 329 521 esse
350 485 420 532 Moysi,
441 486 536 532 Apostolo
557 488 623 532 Paulo,
644 491 662 525 et
674 489 715 525 aliis
735 489 783 527 iorte

1 543 127 588 aucissimis;
140 544 228 589 quamvis
241 539 382 591 nonnunquam
395 548 480 592 exponat
491 546 534 583 illos
548 549 611 584 textus
631 547 705 602 ‘Deum
725 559 783 585 nemo

9 603 43 640 idit
55 603 157 650 unquam',
171 603 227 640 ‘Non
240 603 300 640 homo
313 604 385 641 videbit
396 604 465 642 taciem
481 608 576 643 meamet
587 603 651 652 vivet’,
671 595 738 644 Nunc
750 619 784 655 per

0 663 115 709 peculum
109 674 129 699 m
142 663 268 710 aenigmate',
289 666 329 709 etc,
345 665 402 701 nullis
423 665 477 702 iactis
497 666 648 713 exceptionibus.
671 667 716 703 Non
737 678 783 714 ergo

0 723 61 759 mnis
74 722 107 769 qui
120 723 173 760 novit
185 723 288 769 veritatem,
301 723 385 775 intuetur
397 722 481 762 divinam
494 726 702 776 substantiamNeque
710 727 784 763 videtur

3 795 7 805 τ
33 783 73 820 ullo
86 784 146 820 modo
159 784 228 820 sentire
240 784 284 821 talia
297 784 352 830 dicta,
366 785 436 831 quibus
449 788 530 832 negatur
542 787 615 823 homini
628 787 706 823 intuitus
718 787 784 823 imme-

0 843 60 880 datus
73 843 109 879 Dei
122 844 142 879 in
155 844 191 880 hac
203 844 246 889 vita,
258 855 396 890 pugnarecum
403 845 489 882 doctrina
495 856 530 882 sua
536 846 560 882 de
570 846 633 883 divina
641 846 784 883 illuminatione.

6 904 30 948 ta,
43 903 102 950 paulo
114 903 224 949 postillam
236 905 310 940 textum
323 915 347 940 ex
359 904 391 940 De
409 905 457 956 (ian.
477 906 505 942 ud
523 906 560 942 Lit.
580 906 620 951 Xll,
633 907 684 951 xxvi,
705 906 785 943 occurrit

5 973 52 999 ocus
65 962 131 1012 (supra
143 964 210 1000 citatus
222 958 258 1000 sul]
272 962 297 1007 ii)
310 964 343 1000 ubi
355 964 410 1001 dicit:
425 964 496 1001 «Aliud
509 966 573 1001 autem
590 967 618 1001 est
633 965 697 1011 ipsum
714 966 784 1009 lumen,

1 1033 38 1059 ·no
50 1022 153 1058 illustratur
165 1022 235 1067 anima,
248 1025 268 1059 ut
281 1023 346 1059 omnia
359 1023 388 1059 vel
401 1023 420 1059 in
433 1034 454 1060 se
466 1024 495 1060 vel
508 1023 528 1059 in
540 1024 573 1060 illo
585 1025 675 1060 veraciter
691 1024 785 1060 intellecta

10 1082 113 1128 onspiciat:
125 1093 171 1118 nam
183 1082 230 1118 illud
243 1082 281 1119 iam
294 1083 336 1128 ipse
348 1082 402 1119 Deus
415 1085 464 1119 est».
477 1104 500 1109 -
513 1083 630 1130 Argumenta
650 1085 716 1120 contra
730 1084 785 1119 inter-

0 1142 125 1182 relationem
146 1141 312 1188 Ontologistarum
333 1142 414 1179 breviter
433 1142 489 1190 tradit
509 1143 636 1187 GRABMANN,
644 1143 686 1179 Der
695 1142 786 1190 gamiele

20 1201 75 1245 rand,
88 1212 120 1247 pp.
131 1202 190 1237 18120.
316 1250 318 1253 Ι
709 1249 710 1252 ¹

48 1259 69 1295 h.
83 1261 104 1297 ln
116 1262 208 1307 excerpto
220 1261 334 1307 transcripto
341 1271 365 1297 ex
371 1261 402 1297 De
412 1261 462 1298 Trin.
476 1261 515 1306 XV,
529 1261 567 1306 viii,
580 1262 628 1297 visio
639 1272 674 1307 per
684 1261 785 1306 speculum,
808 1300 811 1305 ζ

6 1347 10 1356 .
23 1331 40 1356 e.
53 1331 87 1366 per
99 1320 209 1366 imaginem,
222 1320 344 1366 distinguitur
356 1321 444 1367 explicite
456 1331 468 1357 a
480 1321 552 1357 visione
565 1321 664 1366 aspecula,
671 1321 682 1356 i.
690 1331 706 1357 e.
718 1321 784 1366 procul

0 1380 92 1416 ntuendo
105 1380 166 1426 ipsam
180 1390 226 1416 rem.
239 1380 306 1426 Imago
318 1391 364 1417 vero
377 1382 395 1416 et
407 1380 500 1426 aenigma,
513 1380 533 1416 in
546 1391 585 1426 quo
598 1380 661 1416 Deum
682 1381 785 1425 utcumque

0 1450 19 1475 in
32 1439 68 1476 hac
80 1439 118 1475 vita
130 1439 231 1484 cernimus,
244 1441 273 1475 est
284 1439 326 1486 ipsa
338 1441 404 1486 nostra
416 1439 484 1484 anima,
497 1450 547 1485 quae
563 1450 620 1485 quam
634 1440 657 1475 sit
676 1439 785 1485 imperfecta
848 1446 850 1450 ’

0 1498 110 1550 imilitudo,
124 1498 253 1547 saepelector
265 1499 385 1535 admonetur.
399 1499 484 1536 «Verum
497 1510 521 1535 ne
534 1499 583 1535 hanc
595 1498 716 1545 imaginem...
723 1498 785 1534 eidem

1 1560 100 1605 comparet
112 1558 203 1603 Trinitati,
216 1560 236 1595 ut
249 1558 364 1606 omnimodo
376 1558 471 1595 existimet
483 1558 570 1603 similem,
583 1558 617 1594 sed
629 1558 693 1603 potius
708 1558 727 1593 in
739 1568 785 1603 qua·
832 1597 834 1600 .

0 1617 98 1663 licumque
110 1617 146 1654 ista
158 1617 287 1663 similitudine,
305 1628 394 1664 magnam
416 1627 494 1663 quoque
514 1616 686 1653 dissimilitudinem
706 1618 784 1652 cernat»

8 1676 56 1713 [bid
69 1688 101 1722 xx,
114 1677 143 1713 38.
155 1676 185 1713 Cf.
198 1677 248 1721 XlV,
260 1677 311 1721 xviii,
323 1678 352 1721 24,
365 1678 384 1719 et
396 1677 435 1721 xix,
447 1676 485 1722 25)
500 1677 566 1713 lnlime
578 1676 634 1712 sentit
646 1676 712 1724 etalte
733 1685 785 1726 prae·

3 1737 51 1773 ucat
63 1736 180 1773 imbecillitat
173 1739 211 1773 tem
225 1737 330 1773 intellectus
343 1730 426 1773 hominis
439 1737 487 1782 lapsi
500 1736 555 1772 adat
547 1735 667 1781 ttingendum
680 1733 786 1771 illuminet

8 1796 79 1833 abilem
92 1796 162 1840 Deum,
177 1797 246 1832 «cuius
259 1796 311 1832 nulla
323 1796 401 1833 scientia
416 1796 463 1832 est
458 1807 478 1832 m
492 1796 561 1840 anima,
574 1794 609 1831 nisi
624 1795 671 1831 scire
686 1794 786 1840 quomodo

4 1867 45 1892 um
58 1856 144 1892 nesciat»
158 1855 202 1902 (Dev
210 1856 256 1893 Ord.
270 1857 292 1900 ll,
305 1856 358 1905 xviii,
368 1857 401 1900 4'l;
414 1856 437 1892 ct.
456 1855 507 1905 dicta
525 1855 661 1900 circumspecta
673 1854 692 1890 in
705 1853 789 1902 Retroct.

9 1915 64 1961 ,xiv,
77 1914 102 1960 2).

49 1984 69 2010 c.
82 1975 120 2011 Sed
133 1974 181 2011 torte
194 1975 243 2011 sicut
256 1975 348 2019 plotinus,
361 1985 405 2010 cum
418 1976 475 2020 neget
487 1974 570 2010 animam
583 1984 641 2019 posse
649 1973 712 2019 ipsum
722 1972 788 2009 Unum

1 2035 75 2079 intueri,
88 2035 105 2071 ei
118 2036 182 2071 tamen
195 2035 284 2071 concedit
303 2034 398 2071 visionem
418 2033 523 2071 idearum
518 2044 538 2069 m
551 2034 616 2069 Mente
637 2031 728 2078 (imagine
748 2031 787 2067 scil.
833 2059 835 2062 ,

1 2093 109 2140 Unius);t
95 2094 162 2140 it.aA,
175 2086 251 2131 sublato
263 2094 332 2131 intuitu
311 2093 459 2130 timmediato
476 2093 518 2138 Dei,
531 2093 613 2128 ailirmat
605 2090 766 2128 tnihllominus
760 2101 788 2126 m-

1 2154 98 2191 tellectum
111 2155 232 2201 purificatum
244 2165 303 2201 posse
316 2154 398 2190 rationes
411 2152 514 2189 aetemas'
509 2163 528 2188 m
541 2152 605 2188 Verbo
617 2150 726 2187 immediate
743 2160 788 2186 con-

1 2214 81 2260 spicere.
93 2213 130 2251 Cui
143 2214 265 2261 explicationi
278 2214 325 2250 haec
332 2213 418 2250 obstant:
432 2211 539 2257 )ratrones
546 2213 633 2247 acernae
645 2210 664 2246 in
673 2209 737 2245 Verbo
744 2211 789 2245 sunt

1 2273 84 2319 ipsaDei
90 2275 177 2319 essentia,
185 2295 206 2300 —
213 2288 221 2304 ‹<
227 2273 258 2309 ille
266 2272 334 2319 [Deus]
343 2272 430 2318 primitus
435 2273 453 2308 et
459 2271 549 2307 veraciter
555 2272 573 2307 et
578 2269 697 2316 singulariter
703 2269 738 2305 ista
745 2270 786 2304 est»
800 2269 802 2273 ”

1 2331 41 2378 (De
54 2334 102 2371 Gen.
115 2334 142 2370 ud
153 2334 189 2370 Lit.
203 2333 233 2376 lV,
247 2333 272 2378 iii,
286 2333 302 2378 7,
316 2323 393 2368 citatum
406 2342 469 2376 supra,
482 2330 513 2374 18,
526 2329 552 2374 c).
565 2328 583 2375 2)
594 2329 673 2365 tlomini
681 2330 789 2365 constanter

3 2383 86 2439 denegat
98 2392 121 2428 A.
135 2404 197 2429 rerum
210 2392 329 2429 sensibilium
347 2391 477 2437 cognitionem
489 2390 530 2426 sine
543 2389 664 2434 experientia,
677 2387 728 2435 quali
743 2397 789 2433 gau-

2 2451 49 2489 dent
60 2452 129 2499 angeli,
143 2453 176 2498 qui
190 2453 272 2489 rationes
285 2454 371 2488 aeternas
385 2461 448 2487 rerum
461 2450 480 2486 in
493 2451 536 2486 Deo
557 2448 685 2495 conspiciuni;
698 2458 715 2482 v.
728 2457 747 2492 g.
759 2447 790 2481 De

4 2512 52 2548 Gen.
64 2511 92 2548 ad
103 2512 139 2548 Lit.
152 2512 174 2557 V,
188 2512 225 2555 xvi,
238 2513 271 2548 34:
286 2521 335 2547 «nec
355 2510 426 2546 idonea
444 2512 473 2545 est
484 2510 526 2554 ipsa
546 2518 600 2544 mens
619 2509 690 2550 nostra,
710 2506 730 2541 in
742 2505 790 2551 ipsis
