1768 2978
390 588 436 635 ΠΙ

178 750 206 790 ll.
221 772 228 779 -
243 750 279 790 De
294 753 415 802 conceptu
431 752 466 791 rei
482 740 654 811 immaterialis

43 913 46 917 ι
76 861 91 902 i.
107 861 188 912 Quam
206 864 259 904 erat
273 860 417 916 vAugustino
435 861 552 905 diliicilis.
571 887 578 895 ·
599 866 664 918 Conf.
684 867 730 916 Vll,
751 867 765 916 i',
785 868 809 909 2:

23 932 69 978 Ego
84 932 155 979 itaque
170 933 297 971 incrassatus
313 932 386 979 corde,
404 944 444 972 nec
461 933 600 981 mihimetipsi
617 933 651 972 vel
666 934 712 981 ipse
726 935 811 981 conspi-

22 1006 82 1041 cuus,
100 994 205 1050 quidquid
223 989 267 1034 non
285 1007 322 1043 per
339 996 446 1044 aliquanta
463 997 530 1044 spatia
547 996 669 1036 tenderetur
686 998 719 1036 vel
734 986 811 1036 diffun-

22 1058 108 1102 deretur
124 1059 157 1101 vel
174 1058 341 1111 conglobaretur
357 1060 389 1102 vel
407 1061 505 1110 tumeret,
524 1059 556 1102 vel
574 1060 615 1102 tale
632 1059 712 1112 aliquid
727 1057 812 1112 caperet

22 1130 58 1167 aut
72 1140 148 1176 capere
163 1130 243 1177 posset,
259 1127 311 1168 nibil
322 1140 410 1177 prorsus
420 1141 466 1169 esse
477 1128 600 1169 arbitrabar.
617 1129 657 1168 Per
671 1129 744 1178 quales
754 1129 810 1169 enim

22 1191 103 1230 formas
117 1192 147 1230 ire
162 1191 231 1230 solent
246 1193 302 1230 oculi
318 1193 367 1238 mei,
384 1204 422 1240 per
435 1193 488 1231 tales
503 1193 608 1239 imagines
623 1193 666 1232 ibat
680 1204 809 1232 cormeum.

22 1254 68 1293 Nec
82 1253 181 1293 videbam
197 1254 251 1309 hanc
261 1254 351 1293 eandem
367 1255 515 1300 intentionem,
531 1266 573 1302 qua
584 1255 629 1293 illas
640 1256 696 1303 ipsas
708 1254 811 1303 imagines

22 1321 151 1369 formabam,
167 1333 210 1362 non
226 1334 272 1363 esse
286 1321 328 1363 tale
342 1321 435 1373 aliquid;
452 1334 506 1372 quae
520 1324 591 1363 tamen
607 1323 663 1373 ipsas
678 1335 721 1364 non
733 1321 810 1364 torma-

23 1388 61 1432 ret,
77 1387 117 1426 nisi
133 1389 188 1426 esset
203 1398 305 1434 magnum
323 1387 411 1434 aliquid.

59 1494 61 1498 ¹
78 1449 158 1488 Contra
177 1450 238 1497 Epis.
258 1450 321 1488 Mon.
341 1450 412 1489 Fuud.
432 1452 445 1496 i,
466 1453 490 1489 2:
512 1450 542 1489 llli
563 1452 583 1489 in
600 1462 639 1489 vos
657 1447 808 1497 [Manichaeos]

22 1513 124 1561 saeviant,
136 1513 172 1563 qui
183 1512 280 1553 nesciunt
294 1524 358 1563 quam
374 1524 443 1553 rarum
460 1516 480 1554 et
494 1513 584 1553 arduum
599 1514 626 1553 sit
640 1514 730 1553 carnalia
745 1513 810 1564 phan-

23 1583 112 1636 tasmata
128 1581 175 1630 piae
189 1582 266 1621 mentis
281 1582 393 1621 serenitate
407 1593 515 1631 superare.
526 1581 557 1634 >llli
574 1582 594 1621 in
609 1583 648 1621 vos
658 1582 758 1629 saeviant,
774 1582 809 1630 qui

23 1646 120 1685 nesciunt
130 1657 179 1685 curn
190 1648 268 1693 quanta
279 1642 403 1685 difficultate
414 1650 499 1686 sanetur
510 1646 584 1686 oculus
595 1647 700 1686 interioris
708 1647 808 1692 hominis,

23 1710 46 1746 ut
61 1709 129 1756 possit
139 1709 214 1747 intueri
225 1709 293 1748 solem
304 1720 379 1747 suum:
395 1720 439 1747 non
450 1710 513 1748 istum
524 1721 587 1756 quem
599 1720 637 1748 vos
647 1709 809 1748 colitiscaelesti

24 1784 122 1824 corpore,
134 1771 202 1815 oculis
213 1772 294 1814 carneis
309 1774 329 1814 et
344 1771 455 1814 hominum
471 1774 491 1814 et
506 1783 607 1831 pecorum
621 1771 737 1823 fulgentem
748 1774 811 1823 atque

24 1840 149 1887 radiantem,
165 1840 203 1880 sed
219 1839 278 1879 illum
293 1840 320 1879 de
335 1852 378 1889 quo
393 1841 495 1889 scriptum
511 1842 542 1880 est
557 1852 594 1889 per
608 1839 760 1889 prophetam...
780 1839 809 1879 llli

24 1906 45 1942 in
60 1916 98 1943 vos
113 1905 214 1950 saeviant.
231 1905 266 1952 qui
282 1906 379 1943 nesciunt
394 1904 472 1951 quibus
486 1905 582 1952 suspiriis
597 1907 617 1943 et
634 1904 749 1951 gemitibus
765 1904 809 1949 fiat¹

24 1969 46 2005 ut
61 1971 86 2006 ex
100 1958 296 2015 quantulacumque
311 1969 370 2014 parte
385 1968 452 2014 possit
467 1967 555 2013 intelligi
571 1966 637 2004 Deus.
648 1966 768 2012 Postremo,
782 1967 810 2005 illi

24 2032 45 2074 in
60 2045 99 2075 vos
113 2033 215 2082 saeviant,
231 2032 266 2084 qui
282 2043 391 2083 nunquam
407 2031 441 2074 tali
457 2043 528 2073 errore
544 2029 626 2081 decepti
637 2031 693 2080 sunt,
705 2029 761 2082 quali
773 2042 811 2072 vos

25 2099 127 2148 deceptos
142 2099 222 2140 vident.
475 2138 477 2140 .
614 2091 616 2093 ¹

79 2163 144 2211 Cous.
160 2164 197 2203 Vll
212 2176 245 2210 xx,
261 2164 297 2203 26:
314 2163 355 2203 Sed
371 2165 427 2209 tunc,
443 2164 502 2218 lectis
518 2163 675 2202 Platonicorum
692 2163 732 2201 illis
745 2162 810 2208 libris.

25 2230 165 2275 posteaquam
176 2227 226 2266 inde
236 2227 359 2266 admonitus
373 2237 474 2274 quaerere
485 2227 634 2272 incorpoream
649 2226 766 2271 veritatem,
782 2225 812 2263 in·

25 2293 115 2335 visibilia
130 2295 166 2335 tua
181 2305 218 2344 per
232 2305 257 2334 ea
272 2304 326 2343 quae
341 2291 458 2333 factasunt
473 2289 577 2332 intellecta
592 2289 701 2340 conspexi,
713 2291 733 2331 et
743 2288 812 2340 repul-

25 2371 61 2398 sus
68 2361 132 2407 sensi,
142 2359 194 2409 quid
202 2371 240 2409 per
250 2359 347 2399 tenebras
358 2359 440 2398 animae
451 2369 511 2397 meae
521 2357 660 2405 contemplari
670 2368 714 2396 non
724 2357 811 2403 sinerer,

24 2427 94 2463 certus
115 2436 162 2463 esse
183 2427 204 2463 te
225 2427 246 2463 et
267 2424 373 2462 infinitum
396 2434 449 2467 esse,
468 2433 507 2460 nec
524 2424 595 2460 tarnen
613 2433 651 2468 per
665 2421 724 2460 locos
739 2422 812 2460 finitos

25 2487 147 2527 infinitosve
162 2487 262 2533 diffundi,
279 2490 299 2526 et
313 2498 362 2525 vere
376 2488 397 2524 te
412 2497 458 2524 esse
473 2485 508 2532 qui
524 2495 608 2531 semper
619 2483 675 2522 idem
687 2484 732 2531 ipse
747 2494 811 2527 esses,

25 2566 50 2594 ex
64 2553 122 2596 nulla
137 2556 196 2604 parte
211 2553 388 2604 nulloquemotu
403 2550 463 2592 aliter
477 2551 513 2591 aut
527 2548 593 2591 aliter.
