1768 2978
44 64 68 98 72
257 66 286 101 22.
299 85 306 91 ·
320 73 347 101 DE
360 73 490 103 IGNORANTIA
503 72 528 100 ΕΤ
540 71 621 102 ERRORE

36 185 38 187 ’
98 186 133 225 De
150 185 206 226 Tria.
222 186 268 234 XII,
284 186 328 233 viii,
346 186 370 225 13
385 184 465 235 (lapsus
479 185 563 224 animae
584 196 595 224 a
617 184 704 224 veritate
725 183 835 225 confertur

45 262 94 290 cum
109 251 171 300 lapsu
186 248 383 301 protoparentum:
399 250 442 298 Qui
458 251 521 290 etiam
537 251 582 299 ipse
601 246 675 298 [homo
698 245 793 297 interior]
816 251 833 291 si

46 328 84 365 per
98 316 155 356 illam
167 317 271 357 rationem
282 317 315 356 cui
327 316 478 365 temporalium
489 327 559 355 rerum
570 315 726 355 administratio
736 314 834 363 delegata

46 383 84 428 est,
105 381 248 422 immoderato
266 393 382 431 progressu
398 382 462 422 nimis
479 375 500 421 in
518 381 622 420 exteriora
639 379 765 429 prolabitur,
783 391 834 421 con·

46 447 149 487 sentiente
159 447 199 487 sibi
210 448 279 496 capite
289 459 337 494 suo,
349 448 362 487 i.
374 459 393 487 e.
405 459 449 487 non
459 458 506 486 eam
517 446 631 486 cohibente
641 447 704 494 atque
715 445 834 487 refrenante

47 508 137 559 [ratione
151 509 296 561 superioreI...
313 511 448 552 aeternorum
463 511 498 563 illa
513 512 567 552 visio
582 510 608 550 ab
623 511 671 559 ipso
686 511 749 551 etiam
765 511 834 560 capite

46 589 95 617 cum
110 578 202 626 coniuge
217 578 305 618 vetitum
320 577 461 618 manducante
476 576 613 623 subtrahitur,
629 580 652 616 ut
671 576 743 616 lumen
761 576 834 617 oculo-

46 655 93 682 rum
109 644 154 683 eius
169 654 212 682 non
227 643 254 683 sit
268 655 316 683 cum
335 636 382 689 illo;
401 655 425 683 ac
441 643 472 682 sic
488 642 515 682 ab
532 642 567 682 illa
585 642 724 682 illustratione
741 642 835 683 veritatis

47 707 111 748 ambo
126 708 225 747 nudati...

101 774 128 820 ix,
146 774 177 813 14.
194 773 322 813 Potestatem
338 774 418 822 quippe
433 785 493 813 suam
509 772 601 821 diligens
612 773 690 820 anima,
702 784 714 812 a
724 774 834 813 communi

47 839 146 878 universo
162 838 188 878 ad
203 839 306 887 privatam
322 840 403 887 partem
419 838 547 887 prolabitur;
559 840 579 877 et
589 838 706 886 apostatica
717 838 752 877 illa
762 849 835 886 super·

47 904 90 950 bia,
106 904 165 953 quod
180 904 261 943 initium
278 903 379 953 peccandi
398 904 500 943 dicitur...
519 904 566 952 plus
584 903 664 952 aliquid
681 904 781 943 universo
799 915 835 953 ap·

48 971 129 1018 petens,
146 971 209 1017 atque
219 968 241 1007 id
251 981 289 1009 sua
299 969 346 1017 lege
357 969 476 1017 gubernare
486 969 567 1016 molita,
579 969 629 1017 quia
639 967 691 1008 nihil
702 971 733 1008 est
743 968 836 1017 amplius

48 1035 190 1081 universitate,
207 1034 227 1073 in
244 1046 315 1074 curam
332 1035 428 1083 partilem
444 1034 542 1082 truditur,
561 1037 582 1074 et
598 1035 629 1074 sic
645 1034 726 1084 aliquid
744 1034 836 1083 amplius

49 1100 221 1148 concupiscendo
237 1100 375 1146 minuitur;...
392 1103 455 1148 atque
473 1101 500 1139 ita
517 1099 592 1140 formis
610 1101 630 1139 et
647 1099 742 1140 motibus
759 1111 835 1148 corpo-

48 1164 127 1204 ralibus
142 1165 252 1212 delectata,
268 1165 389 1213 quia-intus
404 1177 428 1205 ea
443 1176 515 1204 secum
533 1176 577 1204 non
595 1164 666 1211 habet,
689 1163 737 1204 cum
760 1176 835 1205 eorum

49 1230 178 1279 imaginibus
193 1241 246 1278 quas
261 1230 365 1269 memoria
381 1231 427 1270 tixit
444 1230 565 1277 involvitur,
584 1232 605 1269 et
622 1229 753 1278 phantastica
770 1229 835 1270 iomi-

49 1295 132 1334 catione
139 1295 228 1343 turpiter
237 1295 365 1344 inquinatur,
375 1296 447 1335 omnia
456 1295 527 1335 oiiicia
535 1307 573 1335 sua
583 1294 610 1335 ad
621 1306 658 1334 eos
668 1295 723 1335 iines
733 1294 835 1342 reterens,

49 1359 127 1407 quibus
143 1360 230 1399 curiose
249 1360 368 1408 corporalia
390 1372 414 1400 ac
435 1361 561 1408 temporalia
583 1372 621 1409 per
642 1361 739 1409 corporis
761 1371 836 1400 sensus
863 1410 866 1414 Ι

49 1426 138 1472 quaerit,
154 1427 190 1464 aut
204 1425 287 1465 tumido
302 1425 357 1464 tastu
372 1426 418 1465 aliis
434 1421 511 1465 animis
525 1426 635 1474 corporeis
650 1425 748 1465 sensibus
759 1424 836 1466 deditis

50 1501 96 1529 esse
111 1490 195 1529 allectat
209 1490 319 1537 excelsior,
335 1492 370 1530 aut
388 1502 488 1534 coenoso,
505 1491 589 1540 gurgite
610 1491 700 1531 carnalis
721 1490 837 1539 voluptatis

50 1555 190 1604 immergitur.

103 1634 123 1667 x,
141 1622 172 1660 15.
188 1619 243 1660 Cum
259 1632 310 1660 vero
326 1624 413 1669 propter
427 1621 564 1670 adipiscenda
581 1633 606 1661 ea
623 1633 677 1670 quae
699 1633 737 1671 per
758 1633 837 1670 corpus

50 1686 176 1732 sentiuntur,
192 1688 279 1733 propter
300 1687 421 1734 experiendi
443 1686 476 1726 vel
498 1687 614 1726 excellendi
636 1686 669 1726 vel
691 1687 836 1726 contrectandi

51 1749 196 1803 cupiditatem,
212 1751 270 1789 utin
285 1750 318 1790 his
332 1750 397 1791 iinem
412 1751 463 1791 boni
479 1751 511 1791 sui
527 1754 600 1801 ponat,
617 1751 698 1800 aliquid
713 1752 764 1800 agit,
776 1752 837 1800 quid-

51 1815 102 1862 quid
113 1815 156 1863 agit
166 1815 255 1863 turpiter
264 1816 315 1864 agit,
327 1818 347 1855 et
357 1815 473 1856 fornicatur
483 1817 504 1856 in
515 1828 593 1866 corpus
608 1818 719 1866 proprium
735 1828 836 1866 peccans;

52 1881 72 1918 et
86 1890 237 1928 corporearum
249 1892 319 1920 rerum
329 1881 411 1921 fallacia
422 1881 534 1921 simulacra
545 1883 649 1922 introrsus
659 1883 744 1932 rapiens
754 1884 774 1922 et
784 1894 838 1922 vana

52 1944 189 1984 meditatione
203 1956 344 1995 componens,
356 1949 378 1985 ut
388 1948 406 1986 ei
418 1958 457 1986 nec
468 1946 563 1986 divinum
574 1947 655 1996 aliquid
665 1948 705 1987 nisi
716 1947 757 1987 tale
767 1947 838 1987 videa·

52 2011 92 2055 tur,
109 2010 206 2058 privatim
221 2022 282 2051 avara
296 2011 373 2051 letatur
387 2012 502 2059 erroribus,
518 2015 539 2053 et
554 2013 652 2062 privatim
668 2013 759 2063 prodiga
772 2013 838 2053 inani·

52 2076 86 2113 tur
100 2075 186 2114 viribus.

100 2199 119 2224 a.
134 2189 162 2226 cf.
175 2193 263 2235 excerpta
276 2202 333 2237 supra
346 2192 401 2228 allata
413 2192 438 2228 de
450 2192 496 2238 iuga
510 2193 635 2238 sensibilium,
649 2191 680 2229 10.
693 2193 725 2229 De
740 2193 788 2230 Vera
798 2192 842 2234 Rel

53 2259 110 2293 xxxv,
123 2250 154 2285 65:
169 2263 177 2279 «
186 2250 239 2285 Haec
251 2251 302 2286 enim
315 2251 446 2296 phantasmata
458 2252 538 2288 tumoris
551 2254 570 2288 et
581 2252 839 2298 volubilitatis‚'constantem

53 2307 143 2344 unitatem
156 2308 220 2345 videre
232 2320 272 2346 non
285 2310 354 2347 sinunt.
368 2310 417 2347 Loca
430 2311 513 2347 oiierunt
525 2312 578 2358 quod
592 2322 684 2357 amemus,
697 2314 785 2358 tempora
799 2322 839 2349 sur-

53 2366 123 2411 ripiunt
136 2368 188 2413 quod
201 2378 293 2413 amamus,
309 2371 327 2405 et
345 2369 454 2416 relinquunt
473 2370 492 2406 in
512 2371 576 2407 anima
594 2371 660 2407 turbas
678 2372 839 2418 phantasmatum,

54 2424 123 2471 quibus
136 2426 155 2462 in
168 2426 218 2463 aliud
231 2429 288 2474 atque
300 2428 352 2464 aliud
365 2429 459 2475 cupiditas
467 2429 559 2467 incitetur.
569 2430 596 2467 lta
604 2430 625 2466 tit
633 2430 730 2477 inquietus
739 2432 757 2467 et
766 2441 840 2467 aerum·

53 2495 112 2521 nosus
125 2486 206 2530 animus,
219 2486 286 2523 trustra
298 2489 362 2523 tenere
375 2498 386 2524 a
399 2489 469 2535 quibus
482 2491 557 2526 tenetur
572 2492 672 2536 exoptans
691 2492 777 2528 Vocatur
792 2501 839 2537 ergo
860 2496 862 2501 ’

53 2543 77 2578 ad
90 2545 156 2589 otium,
169 2545 180 2580 i.
194 2555 209 2580 e.
223 2547 243 2581 ut
255 2547 291 2582 ista
303 2557 343 2582 non
356 2547 426 2594 diligat,
440 2559 489 2594 quae
499 2548 552 2595 diligi
561 2549 602 2585 sine
611 2549 677 2586 labore
685 2560 725 2586 non
734 2544 839 2596 possunt».
