1768 2978
49 60 72 98 5'8
235 106 236 109 Ἴ
275 66 301 101 19.
315 84 322 90 ·
336 73 361 101 oe
375 72 455 101 LultrNfi
469 70 612 100 rurerrrorarrr
686 63 688 66 '

49 196 62 223 a
75 196 119 233 quo
135 184 264 225 illustrantur
279 188 301 226 ut
316 185 414 232 clareant,
431 187 493 234 atque
509 184 554 223 eius
569 182 731 233 participatione
749 183 835 240 perfecti

49 248 148 299 beatique
163 250 285 290 subsistant.
302 250 369 299 Saepe
385 250 518 299 multumque
535 249 632 288 Plotinus
649 247 731 294 asserit,
750 259 836 290 sensum

50 314 143 355 Platonis
158 316 280 365 explanans,
297 327 323 355 ne
338 315 395 355 illam
410 315 505 363 quidem,
522 326 586 363 quam
598 312 687 353 credunt
697 310 744 353 esse
754 314 836 354 univer-

49 380 116 420 sitatis
131 381 231 427 animam,
248 380 332 429 aliunde
347 380 430 420 beatam
446 392 492 420 esse
507 391 570 428 quarn
587 381 693 425 nostram;
710 378 775 427 idque
790 391 836 420 esse

49 444 121 485 lumen
137 445 195 493 quod
211 446 256 494 ipsa
272 458 314 486 non
330 447 368 493 est,
384 445 422 485 sed
437 457 448 484 a
463 457 506 494 quo
521 446 590 484 creata
605 445 644 490 est,
663 446 744 492 eiquo
763 444 836 485 intelli·

50 509 142 558 gibiliter
157 511 219 550 lucet.
237 507 302 558 [Sicut
317 510 366 550 luna
381 522 436 559 uuae
450 510 501 550 solis
516 508 602 549 obiectu
617 505 764 557 illuminaturi.
781 508 837 551 Dicit

50 586 102 624 ergo
118 575 151 614 ille
167 587 257 625 magnus
272 575 393 615 Platonicus
408 575 500 615 animam
516 572 640 614 rationalem
657 571 709 620 (sive
725 574 796 623 potius
807 574 836 614 in-

50 640 174 680 tellectualis
189 640 279 680 dicenda
293 642 327 687 sit,
344 653 368 680 ex
384 651 427 689 quo
442 651 520 689 genere
535 640 599 679 etiam
618 638 770 679 immortalium
789 638 837 680 bea-

50 707 165 753 torumque
185 707 266 745 animas
287 717 333 745 esse
355 705 459 753 intelligit,
483 716 538 754 quos
560 705 580 743 in
603 704 729 744 caelestibus
750 704 837 746 sedibus

50 769 144 810 habitare
159 783 202 810 non
217 769 307 817 dubitat)
322 782 365 810 non
380 769 457 810 habere
475 781 539 818 supra
549 781 572 809 se
582 771 678 809 naturam
690 769 729 809 nisi
741 769 789 817 Dei,
800 772 836 819 qui

51 835 163 875 fabricatus
178 838 209 875 est
224 835 336 882 mundum,
352 847 363 874 a
378 846 421 884 quo
436 837 456 874 et
472 835 517 883 ipsa
531 834 586 874 iacta
596 836 640 880 est;
651 846 691 874 nec
701 834 786 874 aliunde
797 834 838 875 illis

15 931 18 936 ,
50 900 147 949 supernis
163 901 257 949 praeberi
273 901 336 940 vitam
352 900 443 947 beatam,
459 902 480 940 et
490 900 561 939 lumen
573 898 724 948 intelligentiae
734 900 835 948 veritatis,

51 977 115 1013 quam
131 965 187 1004 unde
202 965 314 1014 praebetur
329 967 348 1004 et
363 965 437 1012 nohis;
453 960 574 1005 consonans
590 964 715 1013 Evangelio,
728 964 767 1016 vubi
786 964 837 1014 legi-

52 1032 94 1070 tur:
112 1030 199 1070 Erat
217 1030 288 1070 lumen
306 1042 387 1077 verum,
410 1030 468 1078 quod
491 1029 595 1070 illuminat
617 1041 703 1070 omnem
727 1029 837 1071 hominem

51 1096 170 1135 venientem
186 1096 206 1134 in
222 1094 277 1134 hunc
293 1095 404 1135 mundum.
421 1095 443 1134 ln
458 1107 500 1144 qua
514 1094 634 1134 differentia
648 1095 699 1135 satis
710 1095 836 1143 ostenditur,

51 1161 143 1201 animam
159 1160 282 1201 rationalem
298 1160 330 1201 vel
346 1160 516 1207 intellectualem,
532 1160 600 1210 qualis
611 1162 655 1200 erat
665 1161 686 1200 in
698 1160 784 1208 Ioanne,
796 1160 836 1201 sibi

51 1226 123 1266 lumen
138 1238 184 1265 esse
199 1238 242 1265 non
258 1238 328 1275 posse,
346 1227 384 1266 sed
402 1226 486 1266 alterius
503 1226 546 1265 veri
568 1221 654 1273 luminis
677 1224 838 1275 participatione

52 1291 129 1332 lucere.

105 1357 129 1396 ln
143 1357 202 1397 loun.
218 1357 284 1397 Euan.
302 1357 317 1404 l,
335 1358 370 1397 19:
387 1357 427 1398 Sed
442 1357 497 1397 torte
512 1356 574 1397 stulta
591 1357 656 1398 corda
674 1356 744 1398 adhuc
761 1369 837 1407 capere

53 1422 113 1462 istam
128 1422 197 1462 lucem
213 1434 255 1462 non
271 1425 367 1471 possunt,
380 1423 429 1472 quia
440 1423 531 1471 peccatis
540 1424 584 1463 suis
595 1425 744 1472 aggravantur,
756 1426 779 1464 ut
790 1435 837 1463 eam

52 1487 124 1527 videre
132 1498 175 1527 non
187 1487 275 1536 possint.
287 1488 336 1528 Non
348 1488 396 1528 ideo
406 1488 501 1537 cogitent
510 1489 570 1537 quasi
581 1488 691 1529 absentem
702 1500 748 1529 esse
759 1488 836 1536 lucem,

52 1553 101 1600 quia
116 1564 162 1592 eam
178 1553 249 1592 videre
260 1565 302 1593 non
314 1557 413 1601 possunt;
425 1554 464 1602 ipsi
475 1554 531 1593 enim
543 1550 631 1603 propter
642 1556 728 1603 peccata
738 1553 838 1595 tenebrae

52 1620 108 1657 sunt.
126 1614 130 1628 ¹
141 1617 165 1657 Et
180 1617 214 1657 lux
229 1618 249 1657 in
265 1617 357 1658 tenebris
371 1618 433 1665 lucet,
445 1621 465 1658 et
475 1618 574 1659 tenebrae
585 1630 631 1659 eam
643 1631 686 1659 non
697 1618 838 1669 comprehen-

53 1682 151 1722 derunt'.
168 1683 231 1731 Ergo,
247 1682 329 1729 iratres,
345 1684 456 1732 quomodo
472 1684 538 1724 lronro
554 1685 636 1733 positus
651 1685 671 1724 in
689 1685 735 1725 sole
753 1696 836 1732 caecus,

53 1759 152 1795 praesens
167 1750 197 1787 est
212 1747 240 1787 illi
255 1748 296 1795 sol,
311 1748 348 1787 sed
364 1749 409 1797 ipse
423 1749 462 1788 soli
478 1749 554 1789 absens
569 1753 607 1796 est,
623 1750 654 1790 sic
668 1751 740 1790 omnis
752 1750 836 1797 stultus

53 1813 123 1852 omnis
134 1813 212 1861 impius
222 1825 296 1853 caecus
307 1815 338 1853 est
348 1814 437 1854 corde..
449 1814 538 1855 Mundet
548 1815 604 1855 unde
616 1816 683 1864 possit
693 1815 759 1856 videri
771 1816 837 1856 Deus.

108 1878 132 1924 il,
155 1878 179 1917 6:
203 1875 266 1918 ‘Erat
288 1876 322 1918 lux
337 1879 408 1920 vera'.
425 1879 496 1926 Quare
511 1880 606 1921 additum
622 1884 653 1921 est
669 1881 732 1922 vera?
746 1881 803 1929 Quia
818 1889 839 1921 et

53 1942 119 1983 homo
135 1943 263 1984 illuminatus
278 1944 354 1985 dicitur
363 1945 409 1992 lux;
421 1945 458 1985 sed
469 1957 518 1986 vera
528 1946 563 1986 lux
573 1947 608 1987 illa
618 1950 650 1987 est
659 1959 714 1997 quae
725 1947 837 1988 illuminat.

54 2008 108 2047 Nam
124 2010 144 2047 et
158 2009 213 2048 oculi
229 2010 294 2049 nostri
310 2009 408 2050 dicuntur
422 2010 514 2058 lumina;
530 2014 635 2052 ettamen
651 2013 691 2053 nisi
703 2025 740 2062 per
750 2015 836 2054 noctem

54 2073 138 2113 lucerna
152 2073 285 2121 accendatur,
297 2077 332 2114 aut
343 2087 380 2124 per
390 2076 446 2115 diem
457 2077 489 2116 sol
500 2080 566 2125 exeat,
578 2078 658 2118 lumina
670 2079 708 2119 isla
718 2079 764 2119 sine
775 2073 838 2119 causa

55 2141 133 2186 patent.

107 2203 178 2243 Sermo
194 2204 273 2251 LXVlI,
289 2218 309 2252 ν,
325 2206 348 2245 8:
361 2206 449 2246 Prorsus
459 2207 518 2256 quod
528 2208 555 2248 ad
565 2210 657 2259 teipsum
669 2210 767 2259 pertinet,
779 2209 838 2260 quod

55 2268 80 2307 ad
95 2271 138 2315 tua,
154 2269 278 2310 tenebrosus
293 2283 322 2310 es.
339 2270 397 2318 Quid
412 2275 443 2312 est
457 2274 513 2313 eninr
534 2274 590 2314 aliud
612 2287 658 2315 esse
679 2275 775 2323 stultum,
798 2275 838 2328 nisi

54 2345 100 2374 esse
114 2333 250 2375 tenebrosum
266 2336 287 2375 in
302 2336 391 2377 corde...
408 2336 447 2377 Dic
462 2339 511 2387 quia
525 2341 547 2379 tu
562 2340 599 2380 tibi
615 2340 687 2382 lumen
703 2353 746 2382 non
762 2354 792 2382 es.
809 2341 839 2382 Ut

54 2399 151 2445 multum,
168 2400 242 2439 oculus
257 2412 290 2448 es;
307 2401 377 2441 lumen
395 2414 438 2441 non
449 2415 478 2443 es.
490 2403 549 2450 Quid
560 2405 647 2454 prodest
658 2410 732 2456 patens
743 2410 763 2447 et
774 2418 838 2447 sanus

54 2464 136 2510 oculus,
152 2465 168 2504 si
184 2465 255 2504 lumen
271 2465 337 2506 desit?
352 2467 408 2516 Ergo
423 2468 457 2508 dic
472 2472 517 2510 ate
532 2470 568 2510 tibi
584 2471 656 2512 lumen
672 2484 715 2514 non
738 2485 795 2520 esse;
818 2474 839 2512 et

54 2529 122 2569 clama
132 2530 191 2578 quod
201 2530 302 2579 scriptum
314 2534 354 2571 est:
371 2529 417 2572 ‘Tu
432 2533 561 2576 illuminabis
575 2537 683 2578 lucernam
699 2550 778 2587 meam,
795 2538 838 2578 Do-
