1768 2978
66 111 89 145 20
305 112 322 146 7.
337 131 343 137 -
361 118 388 146 DE
401 118 483 146 VlSlONE
496 116 612 147 conportari

115 238 135 278 a,
150 229 176 266 Ut
189 230 256 265 melius
269 230 397 275 intelligantur
421 230 509 274 excerpta
522 238 546 264 ex
558 227 589 264 De
601 225 678 263 Musica
691 225 722 270 Vl,
735 223 782 261 haec
794 225 853 261 atten-

68 289 145 324 dantur:
160 289 252 325 distinctis
264 289 302 334 jani
316 289 334 324 in
348 288 434 334 quolibet
446 299 501 324 versu
509 287 600 334 ¹quinque
612 285 714 332 generibus
722 294 853 330 numerorum,

68 348 106 383 vid.
125 348 240 392 sonantium,
260 348 374 393 auditorum,
393 344 517 394 prolatorum,
530 345 678 391 recordaiorum,
691 343 808 392 iudicialium
825 343 854 390 (ii.-

68 405 99 451 iv),
113 407 152 443 vuli
165 406 187 442 Α.
201 417 268 442 eorum
281 407 412 443 excellentiam
425 406 506 442 invicem
519 404 649 441 determinare.
669 403 734 440 Oritur
752 402 853 439 difficultas

68 466 170 510 praecipua
178 466 203 501 de
211 465 295 501 numeris
308 466 360 501 extra
372 464 486 501 sonantibus
494 466 513 500 et
521 473 579 500 sensu
591 462 668 506 auditis;
684 461 755 518 quibus
763 461 779 497 si
788 462 854 507 regula

68 523 161 569 generalis
179 537 187 553 «
196 522 284 560 facientes
297 523 349 559 factis
361 522 403 568 iure
415 523 572 568 anteponuntur»
592 521 618 557 ita
630 520 735 566 applicatur
747 522 767 556 ut
780 519 854 556 numeri

68 582 158 633 sonantes
177 581 306 628 praeferantur
324 581 398 626 auditis,
417 582 528 627 sequeretur
545 590 615 616 sonum
629 579 648 615 in
661 589 742 625 corpore
755 578 854 615 meliorem

69 650 110 676 esse
122 639 172 676 sono
185 640 204 676 in
217 639 286 684 anima,
299 642 318 676 et
330 638 525 685 praesupponendum
539 640 578 674 erat
590 648 660 683 corpus
673 647 731 684 posse
744 636 815 683 aliquid
835 637 854 672 in

69 699 153 734 animum
168 709 230 744 agere.
244 699 264 734 ln
276 699 329 734 textu
342 698 397 734 citato
411 698 473 744 pergit
485 698 574 743 negando
590 698 627 733 lroc
642 697 771 742 praesupponi
791 707 854 742 posse.

124 830 157 872 ili.
172 831 236 881 Quid
253 832 284 872 sit
298 821 392 872 sentire*
400 830 532 883 indagatur
542 829 693 882 diligentius.
702 833 737 873 De
746 834 806 874 Mus.
817 833 853 880 Vl,

71 913 90 947 v,
106 901 129 940 9:
146 900 195 940 Cito
210 900 278 939 dicam
294 900 345 948 quid
360 900 454 939 sentio...
471 899 517 947 Ego
532 900 588 938 enim
604 898 630 938 ab
645 899 715 937 anima
725 898 767 938 hoc
777 897 859 947 corpus'

71 965 157 1005 animari
176 976 219 1004 non
238 966 297 1013 puto,
316 964 355 1004 nisi
374 964 490 1004 intentione
507 963 610 1004 facientis.
628 963 674 1003 Nec
691 962 717 1002 ab
735 963 776 1003 isto
793 962 854 1012 quid-

71 1042 134 1080 quam
152 1030 208 1070 illam
224 1030 265 1079 pati
281 1029 378 1077 arbitror,
390 1029 427 1069 sed
437 1028 506 1069 facere
517 1028 543 1069 de
554 1028 590 1069 illo
601 1031 621 1069 et
632 1029 652 1068 in
663 1028 699 1068 illo
710 1030 810 1078 tanquam
821 1039 856 1068 su-

70 1095 140 1143 bjecto
158 1095 257 1135 divinitus
272 1095 412 1135 dominationi
427 1107 488 1135 suae:
504 1094 619 1143 aliquando
638 1097 709 1134 tamen
727 1105 775 1134 cum
791 1093 856 1134 facili-

71 1163 112 1200 tate
127 1161 217 1209 operari,
234 1162 313 1209 quanto
333 1171 372 1209 pro
392 1159 436 1207 ejus
456 1160 535 1200 meritis
555 1160 623 1208 magis
640 1160 736 1199 minusve
754 1159 782 1199 illi
800 1159 857 1199 cedit

71 1228 144 1265 natura
158 1237 268 1274 corporea.
285 1224 410 1273 Corporalia
425 1236 477 1274 ergo
492 1236 639 1274 quaecumque
655 1224 705 1264 buic
723 1225 808 1273 corpori
827 1226 856 1265 in·

72 1292 173 1339 geruntur
187 1292 222 1329 aut
237 1289 366 1337 objiciuntur
382 1291 518 1337 extrinsecus,
534 1301 577 1330 non
593 1291 612 1329 in
628 1290 698 1329 anima
715 1290 752 1329 sed
771 1290 791 1329 in
809 1291 857 1339 ipso

72 1367 162 1403 corpore
177 1355 257 1403 aliquid
274 1355 360 1401 iaciunt,
372 1355 430 1404 quod
445 1357 504 1404 operi
520 1355 565 1403 ejus
580 1358 615 1395 aut
629 1355 752 1395 adversetur
761 1358 797 1395 aut
807 1367 857 1395 con-

72 1423 141 1468 gruat.
157 1421 251 1468 ideoque
266 1432 313 1459 cum
329 1421 423 1460 renuitur
437 1421 563 1467 adversanti,
575 1423 595 1460 et
606 1421 714 1460 materiam
725 1421 765 1460 sibi
776 1420 857 1468 subjec-

72 1488 115 1524 tam
132 1486 151 1524 in
167 1485 238 1533 operis
253 1485 284 1525 sui
300 1485 344 1524 vias
359 1484 473 1525 difficulter
490 1486 596 1534 impingit,
611 1486 636 1525 fit
650 1486 748 1526 attentius
763 1498 788 1525 ex
803 1486 858 1526 diffi-

74 1550 150 1589 cultate
165 1550 185 1588 in
200 1551 317 1597 actionem;
329 1549 442 1590 difficultas
453 1553 539 1599 propter
549 1552 686 1591 attentionem
698 1563 746 1591 cum
757 1563 803 1591 eam
814 1563 858 1591 non

74 1615 130 1661 latet,
146 1615 222 1654 sentire
237 1614 320 1661 dicitur,
336 1617 356 1654 et
371 1615 412 1669 boc
427 1618 513 1655 vocatur
523 1616 586 1655 dolor
595 1619 631 1655 aut
641 1616 708 1656 labor.
720 1616 775 1656 Cum
787 1619 857 1656 autem

74 1680 172 1727 congruit
193 1679 251 1727 quod
273 1679 361 1719 infertur
382 1682 417 1719 aut
438 1680 526 1728 adjacet,
545 1680 605 1720 facile
625 1683 693 1720 totum
709 1681 730 1720 id
745 1682 777 1721 vel
792 1693 861 1721 exeo

56 1784 58 1787 ,
74 1746 175 1792 quantum
187 1755 241 1792 opus
251 1746 290 1791 est,
302 1744 365 1783 insui
377 1745 447 1793 operis
458 1746 532 1785 itinera
544 1746 641 1786 traducit.
654 1746 679 1785 Et
690 1747 728 1786 ista
739 1746 784 1794 ejus
794 1748 857 1794 actio,

75 1820 116 1857 qua
131 1820 192 1848 suum
207 1820 285 1857 corpus
299 1810 432 1849 convenienti
448 1811 576 1851 extrinsecus
591 1812 675 1860 corpori
691 1811 794 1861 adjungit,
806 1824 859 1861 quo-

76 1874 131 1912 niam
143 1876 229 1921 propter
239 1873 340 1921 quiddam
352 1874 489 1914 adventitium
501 1876 600 1915 attentius
611 1877 687 1924 agitur,
699 1888 742 1916 non
753 1878 810 1924 latet,
822 1878 859 1917 sed

76 1940 162 1986 propter
171 1939 339 1977 convenientiam
355 1950 403 1978 cum
421 1940 529 1996 voluptate
539 1942 634 1980 sentitur.
647 1938 776 1989 [Explicatur
786 1942 859 1982 itidem

76 2002 126 2049 quid
141 2003 167 2041 sit
181 2002 243 2042 famis
258 2005 278 2042 et
292 2003 344 2050 sitis,
360 2003 460 2051 cruditas,
476 2001 610 2053 aegrotatiol.

131 2067 162 2106 10.
178 2067 203 2106 Et
217 2078 243 2106 ne
258 2068 347 2116 longum
362 2069 446 2115 faciam,
462 2068 545 2109 videtur
555 2069 606 2109 mihi
617 2071 695 2119 anima,
706 2083 755 2111 cum
766 2073 829 2112 sentit
840 2073 860 2112 in

77 2142 173 2179 corpore,
190 2143 233 2171 non
248 2133 274 2172 ab
289 2132 325 2172 illo
340 2133 420 2181 aliquid
435 2135 485 2182 pati,
501 2135 538 2174 sed
554 2135 574 2174 in
590 2134 635 2181 ejus
646 2136 781 2184 passionibus
795 2140 860 2178 atten-

77 2196 117 2234 tius
131 2207 201 2244 agere,
213 2200 233 2236 et
243 2196 281 2236 lias
291 2198 392 2243 actiones,
404 2198 447 2237 sive
457 2198 529 2238 faciles
540 2202 626 2248 propter
637 2202 806 2241 convenientiam
817 2204 861 2243 sive

77 2260 174 2299 difficiles
185 2263 271 2310 propter
281 2262 480 2310 inconvenientiam,
496 2275 538 2302 non
554 2276 600 2303 earn
616 2264 690 2304 latere:
707 2269 727 2306 et
741 2266 783 2306 boc
792 2269 861 2307 totum

77 2327 108 2364 est
125 2325 183 2373 quod
202 2326 279 2365 sentire
294 2326 377 2366 dicitur.
393 2326 434 2366 Sed
450 2329 488 2367 iste
502 2340 584 2376 sensus,
600 2329 636 2378 qui
651 2330 714 2369 etiam
736 2331 787 2371 dum
810 2332 860 2372 nihil

77 2391 179 2430 sentimus
194 2391 247 2430 inest
262 2394 340 2439 tamen,
357 2392 519 2433 instrumentum
535 2397 566 2433 est
581 2395 685 2443 corporis,
697 2397 756 2445 quod
771 2409 795 2437 ea
810 2401 861 2438 tem-

78 2455 186 2503 peratione
201 2456 269 2503 agitur
279 2455 305 2495 ab
316 2456 393 2503 anima,
405 2460 427 2496 ut
438 2458 458 2496 in
469 2469 495 2497 eo
505 2458 532 2498 sit
542 2458 568 2498 ad
579 2460 689 2507 passiones
699 2463 796 2510 corporis
813 2475 861 2503 curn

77 2518 192 2567 attentione
207 2520 300 2567 agendas
315 2521 414 2569 paratior,
431 2522 507 2562 similia
522 2522 627 2563 similibus
637 2526 660 2563 ut
670 2525 780 2575 adiungat,
796 2520 880 2575 repet-⁴

77 2583 147 2632 larque
162 2583 220 2630 quod
236 2584 322 2623 noxium
338 2587 376 2624 est.
392 2584 442 2633 ugit
457 2597 529 2634 porro,
545 2589 567 2626 ut
582 2589 666 2636 opinor,
685 2589 815 2630 luminosum
827 2539 880 2633 ali-⁸
