1768 2978
98 85 109 119 8
195 80 197 83 '
262 84 278 119 3.
293 103 301 110 -
316 91 356 119 nrsr
369 89 512 120 cneoroemrrs
525 89 568 117 non
582 83 723 117 inrettroerrs

99 205 162 254 igitur
177 204 243 245 homo
257 203 327 245 tidelis
342 203 405 244 debet
419 203 505 243 credere
519 201 578 251 quod
592 200 689 242 nondum
704 199 769 247 videt,
785 202 808 241 ut
822 200 876 241 visio

99 282 147 310 nem
162 272 183 310 et
196 272 267 319 speret
281 272 301 310 et
316 272 394 310 amet..
405 269 455 316 .ιιι,
473 269 504 308 13.
521 266 651 308 Intellectum
673 277 724 306 vero
745 265 807 306 valde
826 277 874 306 ama

99 337 184 385 quiaet
198 337 264 384 ipsae·
277 335 396 383 Scripturae
417 334 508 380 sanctae.
525 344 579 383 quae
601 330 726 380 magnarum
748 343 818 371 rerum
838 334 882 372 anl-

100 400 259 450 intelligentiam
274 399 363 440 suadent
377 399 451 446 iidem‚
467 399 506 439 nisi
522 410 557 439 eas
572 400 627 438 recte
643 396 755 446 intelligas,
771 397 833 437 utiles
847 396 878 437 tib

100 478 145 506 esse
167 477 210 506 non
232 468 360 515 possunt...
378 465 409 505 14.
424 465 456 504 Tu
471 462 681 511 autem,.carissime,
705 474 742 503 ora
763 462 846 503 iortiter
866 470 884 503 e*

100 531 190 571 tideliter
204 533 227 570 ut
241 531 277 570 det
291 530 328 570 tibi
344 530 450 570 Dominus
465 527 602 569 intellectum.
666 560 672 566 .

152 596 187 635 De
203 595 259 636 Trin.
275 595 320 643 XV,
337 595 358 642 ii,
374 596 396 635 2:
413 593 433 634 Si
449 605 501 643 ergo
523 593 630 643 quaesitus
652 593 740 633 inveniri
756 594 833 642 potest,
850 605 884 634 cu

100 661 179 701 dictum
191 662 222 701 est
233 657 348 707 ‘Quaerite
362 659 437 711 taciem
453 659 498 707 ejus
508 670 593 708 semper
603 658 622 698 'i
636 657 669 698 Αιι
684 660 705 698 et
720 658 817 698 inventus
832 658 883 699 tort

101 725 234 775 quaerendus
248 726 292 766 est?
307 724 340 766 Sic
357 724 413 765 enim
435 726 484 764 sunt
506 723 729 772 incomprehensibilia
750 724 877 773 requirenda

101 804 127 831 ne
141 803 163 830 se
178 791 282 830 existimet
296 790 347 830 nihil
367 790 471 829 invenisse
486 789 530 838 qui,
546 800 610 838 quam
626 789 652 828 sit
670 788 883 838 incomprehensibil-

101 856 159 906 quod
181 854 302 905 quaerebat,
319 847 410 905 potuerit
430 855 530 894 invenire.
547 853 592 894 Cur
606 865 658 903 ergo
672 855 704 894 sic
714 855 808 903 quaerit,
824 854 841 894 si
857 855 877 894 ιιι

101 920 292 971 comprehensibile
307 919 469 970 comprehendit
483 931 529 960 esse
544 919 603 969 quod
618 920 707 969 quaerit.
723 919 762 960 nisi
778 919 828 969 quia
842 931 879 960 ces

102 987 191 1027 sandum
213 998 256 1026 non
271 988 309 1034 est,
325 985 427 1035 quamdiu
442 985 462 1025 in
478 985 523 1034 ipsa
545 983 792 1034 incomprehensibilium
816 996 864 1025 reru

103 1051 219 1100 proficitur,
230 1054 251 1091 et
261 1051 336 1091 melior
350 1050 468 1099 meliorque
478 1050 502 1090 ιιι
512 1061 616 1098 quaerens
628 1051 671 1089 tam
682 1053 785 1099 magnum
796 1050 877 1090 bonum

102 1116 160 1165 quod
176 1119 196 1156 et
211 1116 360 1156 inveniendum
376 1115 483 1164 quaeritur
497 1117 517 1155 et
531 1114 677 1164 quaerendum
698 1115 817 1156 invenitur?
831 1116 864 1156 Na

102 1184 122 1221 et
137 1181 243 1229 quaeritur
257 1183 280 1220 ut
294 1172 411 1221 inveniatur
426 1180 515 1227 dulcius.
532 1182 551 1220 et
566 1180 671 1220 invenitur
685 1170 708 1220 ιιι
718 1178 832 1229 quaeratur
846 1181 877 1222 avi

102 1247 157 1286 dius.
168 1278 188 1287 ..
204 1246 266 1286 fides
280 1247 368 1295 quaerit,
380 1246 497 1286 intellectus
512 1245 598 1286 invenit.
610 1277 614 1285 .
626 1276 630 1286 .
647 1245 672 1286 Et
683 1257 754 1286 rursus
769 1245 884 1287 intellectu·

103 1323 151 1351 eum
166 1322 229 1359 quem
246 1311 324 1351 invenit
339 1310 408 1350 adhuc
422 1311 510 1360 quaerit.

150 1442 170 1468 a.
185 1433 256 1470 Contra
267 1432 328 1468 'sicud
342 1432 372 1477 ιιι,
385 1443 416 1477 xx,
429 1434 461 1469 43:
477 1433 518 1469 «ita
530 1433 581 1469 enim
593 1432 631 1479 iarn
649 1443 692 1469 sum
711 1433 795 1479 aflectus,
809 1433 884 1482 utqui·

102 1493 126 1528 sit
138 1503 209 1537 verum,
222 1501 261 1528 non
275 1492 370 1528 credendo
389 1492 458 1536 solum,
473 1493 507 1528 sed
526 1492 582 1528 etiam
601 1492 726 1538 intelligendo
745 1493 884 1539 apprehender-

102 1552 221 1598 impatienter
234 1552 363 1588 desiderem».
376 1551 407 1587 De
418 1551 458 1588 Lib.
471 1551 516 1588 Arb.
530 1552 551 1596 ll,
564 1552 589 1596 ix,
602 1553 635 1588 25:
651 1565 659 1581 «
667 1563 710 1588 cum
724 1552 743 1589 id
756 1554 823 1598 agatur
841 1553 880 1590 inte

103 1622 138 1647 nos
152 1613 171 1646 ut
184 1621 223 1646 non
236 1610 282 1656 quid
295 1610 394 1646 credamus
408 1611 605 1657 respondendum,
577 1611 600 1647 sit
593 1611 652 1647 tsed
666 1611 712 1658 quid
726 1611 809 1648 dilucida
821 1612 880 1649 intelli

103 1669 185 1715 gentiat
178 1670 318 1705 t'tenendum
294 1672 333 1706 sn»
337 1670 384 1706 ‚De
398 1670 449 1705 Trin
461 1670 502 1714 XV
515 1669 578 1714 xxviii,
588 1672 635 1706 512<
634 1671 677 1706 hd
690 1670 740 1707 hanc
749 1672 834 1717 regulam
843 1672 882 1708 lide

103 1728 186 1774 dirigens
199 1728 322 1764 intentionem
336 1739 415 1764 meam..
423 1728 524 1774 quaesivi
537 1730 561 1773 te,
571 1730 589 1764 et
597 1728 703 1765 desideravi
716 1729 811 1767 intellectu
825 1730 884 1772 vider·

103 1787 156 1832 quod
169 1787 246 1831 credidi,
258 1789 277 1823 et
289 1787 337 1823 mul
329 1789 369 1823 um
383 1787 447 1833 drspu
448 1790 506 1824 avie
498 1788 625 1824 tlaboravi›.
613 1789 673 1834 Ipsi
685 1789 773 1825 haeretici
783 1800 819 1826 nos
828 1790 866 1827 ad
862 1801 880 1826 ιιι

104 1846 197 1882 tellectum
212 1846 298 1890 excitant,
313 1846 421 1891 «quamdiu
434 1846 538 1892 imperitiae
551 1849 627 1883 nostrae
639 1847 722 1885 tenebris
735 1848 822 1886 delectat'
809 1850 828 1893 tr,
845 1850 882 1891 dor

104 1905 150 1940 mire
163 1906 257 1946 malumus
274 1916 332 1950 quam
345 1906 406 1941 lucem
425 1905 506 1942 veritatis
525 1906 592 1942 intueri
605 1907 636 1942 De
651 1907 698 1943 Vera
711 1907 751 1948 Rel
764 1908 837 1953 viii,l5
842 1909 884 1953 ,D¹

106 1964 152 2000 Gen.
165 1964 230 2000 contro
242 1964 297 2000 Mon.
311 1964 372 2009 1‚i‚2

152 2020 172 2057 b.
186 2023 215 2058 De
228 2023 245 2058 vi
258 2024 285 2058 ra
286 2033 341 2068 rons
353 1992 411 2069 quam
426 2024 478 2069 parvi
496 2024 558 2061 iacere
576 1994 680 2071 aliquando
699 2025 748 2062 torte
766 2026 847 2072 videtur,
860 2028 880 2064 D

104 2081 144 2116 Lib.
157 2080 202 2117 Arb
216 2081 228 2125 l,
241 2082 265 2126 vi
279 2083 328 2117 14:‹
328 2081 411 2118 Adesto
424 2082 494 2128 animo,
504 2084 610 2120 etrationis
623 2084 662 2119 vias
676 2084 744 2130 pietate
757 2084 833 2122 fretus
828 2097 882 2133 ingre

105 2139 154 2175 dere.
168 2139 219 2175 Nihil
232 2142 260 2176 est
273 2140 323 2176 enim
336 2142 374 2177 tam
387 2141 468 2177 arduum
481 2143 538 2187 atque
551 2142 633 2187 difficile,
646 2143 699 2190 quod
709 2154 749 2180 non
758 2143 819 2181 Deo
813 2156 884 2191 Juvan=

105 2198 234 2243 planissimum
247 2200 304 2245 atque
316 2200 480 2245 expeditissimum
493 2201 526 2237 liat
534 2215 549 2237 ι.
562 2201 610 2238 Ibid.
624 2202 655 2247 111,
668 2214 685 2247 v,
700 2204 730 2239 13:
745 2203 831 2240 «Credat
843 2216 884 2252 erg

105 2255 178 2302 [homo]
192 2257 275 2293 Deumi
275 2258 335 2294 ecisse
348 2259 400 2305 quod
413 2270 457 2295 vera
470 2261 517 2296 ratio
530 2260 554 2296 ab
568 2271 591 2296 eo
604 2261 714 2302 iaciendum
726 2261 785 2298 luisse
793 2264 884 2309 cognovi

105 2316 176 2351 etiamsi
190 2317 257 2352 hocin
271 2317 327 2353 rebus
339 2317 391 2354 lactis
404 2329 443 2354 non
456 2319 536 2355 videt...
552 2319 597 2355 Non
617 2320 668 2356 enim
684 2321 801 2366 cogitatione
819 2323 883 2359 videre

104 2374 217 2419 laciendum,
230 2375 266 2411 nisi
279 2375 297 2411 in
311 2376 333 2411 iis
346 2387 366 2412 ra
366 2377 450 2414 tionibus
463 2378 533 2423 quibus
545 2378 594 2414 iacta
607 2381 651 2415 sunt
664 2380 753 2416 omnia».

152 2441 171 2468 c.
185 2434 214 2469 De
227 2434 322 2471 intellectu
335 2435 389 2480 quasi
407 2436 470 2478 medio
484 2437 531 2473 inter
543 2437 602 2474 tidem
615 2439 634 2474 et
646 2439 735 2485 speciem,
748 2439 771 2475 cl.
784 2441 861 2478 Eucht'r.
