1768 2978
232 75 259 111 19.
273 92 282 100 -
296 82 322 110 oc
335 82 415 112 cunina
428 84 572 114 rurarrrorsnr
773 81 793 117 dl

57 201 77 227 a.
91 192 149 229 Nulla
161 193 237 230 interest
245 194 330 230 creatura
338 194 386 230 inter
399 196 482 231 mentem
491 197 509 231 et
518 196 590 240 Deum;
603 197 633 233 De
645 197 697 234 Mus.
710 199 741 243 Vl,
750 199 761 243 i,
772 201 792 234 l:

8 251 101 287 laboravit
113 251 135 287 Α.
149 254 169 288 ut
181 252 270 288 homines
285 266 292 281 <1-
303 252 346 289 Deo
359 254 378 289 et
390 253 476 289 Domino
485 265 547 290 rerum
562 255 655 300 omnium,
664 256 696 302 qui
705 256 795 293 humanis

8 310 105 346 mentibus
123 310 175 346 nulla
196 311 392 357 natura'interposita
410 312 510 358 praesidet,
531 313 691 350 incommutabilis
712 315 795 351 veritatis

9 380 74 405 amore
89 369 269 406 adhaerescerent».
288 371 319 406 De
334 371 404 415 Quant.
419 372 456 408 An.
470 373 534 417 xxxiv,
547 374 581 408 77:
602 375 795 418 «quaemadmodum

8 428 106 465 latendum
116 431 144 465 est
152 430 236 466 animam
245 430 349 466 humanam
362 441 401 466 non
414 442 456 467 esse
469 431 521 477 quod
535 431 587 468 Deus
600 433 633 476 est,
642 433 667 468 ita
675 443 795 478 praesumen-

8 489 56 524 dum
68 488 114 524 nihil
127 488 176 525 inter
187 490 252 525 omnia
265 500 315 535 quae
327 491 397 526 creavit
406 490 449 527 Deo
458 501 500 526 esse
513 491 663 537 propinquius».
676 491 736 528 Cuius
748 493 795 528 ratio

8 542 118 593 theologica
130 549 158 584 est
171 548 225 595 quod
238 548 301 584 anima
314 550 342 585 est
354 548 419 594 imago
433 549 474 594 Dei,
488 549 541 595 quod
554 551 616 595 potest
628 550 665 586 dici
678 551 702 586 de
715 551 746 586 illa
755 551 796 586 sola

9 607 75 643 natura
96 621 103 637 r<
112 618 150 653 qua
162 607 250 653 superior
262 608 303 654 ipse
315 609 369 644 solus
382 610 415 645 est.
434 609 461 645 Ea
474 609 545 655 quippe
558 609 583 645 de
597 609 630 645 illo
642 620 720 655 prorsus
734 610 797 655 expri-

9 667 71 712 mitur,
85 667 133 703 inter
145 677 203 713 quarn
220 670 239 704 et
255 668 318 713 ipsum
331 668 383 704 nulla
395 669 492 705 interiecta
502 659 570 704 >natura
583 671 626 705 est»
649 668 687 713 (De
701 669 751 705 Trin.
764 670 796 713 Xl⁷

9 738 26 771 v,
39 725 64 771 8).
278 764 279 767 ,

58 785 78 821 b.
92 786 142 822 Cum
155 797 212 832 saepe
225 787 275 823 dicat
288 787 310 823 Α.
323 788 387 823 lumen
401 787 453 831 illud,
466 787 495 823 vel
508 787 604 824 veritatem
617 798 675 833 quam
689 787 795 824 manifestat

9 856 51 882 esse
65 846 127 892 ipsum
141 845 210 891 Deum,
223 846 336 882 illuminatio
350 846 374 882 de
387 857 425 892 qua
438 847 521 892 loquitur
534 846 607 882 videtur
620 847 717 882 involvere
730 857 796 892 quem-

9 906 54 942 dam
67 905 155 941 intuitum
168 904 300 941 immediatum
313 905 407 941 essentiae
420 905 500 950 divinae,
510 925 532 929 —
542 906 635 941 rationum
645 908 764 942 aeternarum
778 906 796 941 in

9 964 74 1002 Verbo
93 964 242 1001 subsistentium.
262 964 354 1010 Pleraque
373 966 462 1011 excerpta
480 965 519 1011 jam
538 965 591 1000 citata
612 966 649 1000 hoc
662 966 736 1001 sonant.
750 965 797 1001 Vide

9 1024 72 1068 etiam,
85 1035 102 1061 v.
111 1035 134 1070 g.,
154 1025 177 1060 In
192 1024 245 1060 loun.
258 1024 318 1060 Euan.
331 1024 371 1069 XV,
385 1025 417 1061 19:
438 1038 445 1054 ‹<
456 1024 499 1060 ltoc
512 1024 575 1070 ipsum
588 1025 662 1060 animae
675 1024 728 1070 quod
745 1024 797 1060 intel-

9 1084 69 1120 lectus
82 1085 100 1120 et
113 1094 167 1119 mens
180 1083 253 1128 dicitur,
266 1083 383 1119 illuminatur
395 1084 437 1120 luce
449 1084 553 1129 superiore.
567 1084 652 1120 lamvero
665 1084 752 1129 superior
764 1084 795 1119 illa

9 1143 48 1188 lux,
57 1153 96 1189 qua
109 1154 163 1179 mens
176 1142 260 1179 humana
272 1143 393 1188 illuminatur,
407 1143 460 1179 Deus
473 1144 522 1179 est».
535 1142 582 1179 lbid.
596 1143 635 1187 Xll,
650 1144 683 1179 13:
703 1141 769 1185 «Quia
779 1144 796 1178 et

10 1203 47 1239 hoc
60 1202 123 1249 ipsum
137 1202 190 1248 quod
202 1202 236 1239 tibi
249 1202 345 1248 displicuit
354 1204 453 1247 peccatum
466 1204 526 1246 tuum,
540 1213 579 1238 non
591 1202 625 1238 tibi
638 1202 750 1248 displiceret,
759 1202 795 1238 nisi
835 1246 837 1250 Ι

10 1261 63 1297 Deus
76 1261 109 1297 tibi
119 1262 190 1298 luceret
198 1264 216 1298 et
225 1262 266 1298 eius
274 1261 342 1297 veritas
350 1261 383 1297 tibi
393 1262 502 1298 ostenderet
509 1276 525 1298 ».
534 1262 556 1297 In
569 1261 601 1297 Ps.
613 1262 662 1306 Vlll,
676 1262 696 1298 6:
714 1276 721 1290 0<
730 1261 795 1303 Quan-

10 1321 116 1367 doquidem
124 1321 181 1357 Filius
194 1320 230 1357 Dei
243 1321 301 1357 virtus
314 1323 333 1357 et
345 1321 437 1367 sapientia
450 1321 486 1357 Dei
499 1323 534 1365 est,
547 1331 585 1366 qua
597 1320 698 1356 illustratur
711 1321 796 1366 quisquis

10 1381 86 1421 veritate
99 1380 175 1430 sapiens
194 1380 297 1416 eflicitur».
316 1380 346 1416 De
360 1380 406 1417 Utri.
421 1379 516 1416 Credendi
527 1391 557 1424 xv,
570 1381 603 1416 33:
624 1379 689 1425 «Cum
702 1380 752 1415 enim
768 1390 796 1415 sa-

10 1441 64 1486 piens
77 1441 101 1476 sit
113 1440 157 1476 Deo
170 1440 194 1476 ita
208 1442 271 1477 ruente
284 1440 402 1483 coniunctus,
416 1441 436 1475 ut
449 1439 494 1475 nihil
508 1439 638 1485 interponatur
650 1439 703 1485 quod
712 1440 795 1484 separet.

10 1500 64 1536 Deus
83 1500 134 1536 enim
152 1501 181 1536 est
199 1499 277 1544 veritas;
297 1509 331 1535 nec
351 1499 390 1534 ullo
410 1500 466 1545 pacto
485 1499 561 1544 sapiens
575 1501 607 1540 est,
621 1498 636 1533 si
649 1508 688 1533 non
701 1498 796 1533 veritatem
851 1532 854 1536 .

11 1562 74 1596 mente
89 1559 210 1604 contingat».
224 1559 245 1595 ln
258 1559 311 1595 loun.
324 1558 384 1594 Euan.
397 1558 473 1602 XXXV,
493 1560 514 1594 4:
533 1558 581 1593 sicut
593 1558 621 1593 sol
635 1558 724 1593 omnibus
743 1567 796 1602 prae-

10 1630 54 1655 sens
67 1621 100 1664 est,
116 1618 162 1661 «Sic
181 1620 199 1654 et
218 1618 309 1664 sapientia
328 1617 370 1662 Dei,
387 1618 474 1654 Verbum
494 1617 535 1662 Dei,
554 1617 649 1652 Dominus
662 1618 675 1652 l.
688 1616 709 1652 C.
725 1617 796 1661 ubique

10 1689 100 1724 praesens
113 1681 151 1722 est;
164 1678 209 1724 quia
222 1678 294 1723 ubique
307 1680 335 1713 est
347 1677 419 1720 veritas,
433 1677 505 1723 ubique
521 1678 549 1712 est
561 1677 677 1721 sapientia».

59 1747 78 1774 c.
92 1737 287 1774 Animadvertendum
306 1738 334 1773 est
353 1736 375 1772 Α.
392 1747 437 1782 prae
450 1735 510 1772 oculis
523 1735 612 1771 habuisse
625 1736 664 1771 sive
677 1735 794 1771 adversarios

10 1798 141 1845 materialistas
154 1799 172 1833 et
184 1797 280 1841 sensistas,
293 1797 332 1832 sive
345 1795 463 1832 Christianos
476 1795 501 1831 illi
515 1795 574 1831 modo
587 1794 683 1840 cogitandi
697 1794 752 1830 nimis
765 1794 797 1830 de-

11 1859 70 1903 ditos;
84 1868 147 1903 neque
160 1857 219 1893 ullum
232 1856 251 1892 in
265 1856 302 1892 hoc
317 1856 399 1891 sensisse
414 1854 518 1900 periculum
531 1853 583 1899 quod
597 1853 645 1889 torte
657 1853 705 1889 ultra
717 1853 797 1888 modum

11 1918 134 1964 exaggeraret
146 1916 232 1952 indolem
244 1912 374 1951 immediatam
388 1915 463 1950 nostrae
476 1912 617 1948 communionis
630 1923 674 1948 cum
687 1912 736 1947 Deo.

65 2108 97 2148 vi.
116 2106 267 2152 Rarissimus
286 2107 323 2146 est
342 2104 446 2145 intuitus
466 2101 621 2143 immediatus
643 2101 686 2142 Dei
706 2102 730 2141 in
752 2100 798 2140 hac

12 2174 69 2214 vita.
84 2166 91 2206 ἓ
105 2177 141 2217 De
155 2175 209 2217 Oen.
225 2175 255 2215 ad
269 2174 310 2230 Lit.
329 2174 375 2221 xil,
394 2173 448 2219 xxvi,
467 2173 493 2211 54
511 2169 546 2217 (de
563 2173 624 2220 raptu
642 2168 795 2214 intellectualil:

12 2242 42 2283 lbi
61 2242 144 2283 videtur
161 2241 244 2282 claritas
262 2239 357 2286 Domini,
376 2250 419 2278 non
438 2249 476 2287 per
492 2237 595 2286 visionem
613 2235 796 2284 significantem...

1 2308 49 2348 'sed
65 2319 103 2358 per
116 2307 218 2356 speciem,
230 2309 273 2346 non
285 2317 322 2354 per
332 2305 459 2353 aenigmata,
471 2304 573 2351 quantum
584 2312 630 2340 eam
646 2311 721 2348 capere
737 2310 796 2338 mens

12 2373 105 2414 humana
123 2374 193 2422 potest
211 2370 328 2412 secundum
347 2369 474 2410 assumentis
488 2366 527 2406 Dei
543 2367 640 2415 gratiam,
656 2367 679 2404 ut
693 2376 718 2404 os
732 2364 758 2403 ad
774 2375 798 2403 os

12 2439 112 2489 loquatur
129 2439 147 2479 ei
159 2449 231 2487 -quem
249 2436 338 2485 dignum
356 2434 391 2475 tali
411 2434 468 2474 Deus
486 2432 595 2480 colloquio
613 2430 692 2476 lecerit,
712 2441 755 2468 non
773 2440 798 2468 os

12 2504 110 2554 corporis
120 2503 157 2544 sed
169 2503 253 2550 mentis;
264 2502 318 2542 sicut
329 2498 489 2548 intelligendum
500 2497 590 2537 arbitror
604 2495 663 2545 quod
676 2495 702 2533 de
713 2494 798 2542 Moyses

13 2570 170 2619 scriptumest.
183 2596 185 2599 -
