1768 2978
92 79 114 113 14
299 77 315 112 5,
328 96 335 102 -
348 84 385 117 Qui
399 83 488 112 ouarrnr
501 81 589 115 neroum
602 65 666 108 nourr
714 103 716 105 ,

138 195 170 237 ii.
184 193 271 243 Qualis
286 194 318 234 sit
331 193 415 233 anima
432 203 496 244 quae
510 190 612 231 dubitat
627 192 683 232 -De
700 190 757 231 Trin.
775 190 801 237 X,
817 203 837 237 x,
855 189 879 229 16

93 261 144 310 (Qui
155 263 207 303 falsa
217 264 309 303 sentiunt
319 262 346 302 de
356 265 429 302 natura
439 262 529 308 animae.
541 260 614 300 dicunt
629 270 675 298 eam
691 269 737 297 esse
753 256 785 296 vel
800 267 879 305 corpus

92 318 126 369 vel
140 330 319 378 compositionem
330 340 367 368 seu
378 327 554 377 temperationem
565 322 677 374 corporis):
694 322 737 370 Qui
749 334 825 362 omnes
835 333 879 362 non

93 395 204 434 advertunt
223 398 315 434 mentem
336 405 399 434 nosse
418 405 440 433 se
460 393 523 432 etiam
543 403 591 431 cum
611 389 694 439 quaerit
713 389 743 436 sess
763 389 817 428 sicut
836 388 878 436 jam

93 459 233 499 ostendimus.
247 458 316 511 Nullo
323 458 389 498 modo
399 460 469 497 autem
482 459 537 497 recte
547 456 624 495 dicitur
634 454 682 514 sciri
694 454 764 502 aliqua
774 465 815 501 res,
827 453 878 493 dum

93 522 138 570 ejus
154 524 263 571 ignoratur
276 523 400 563 substantia.
416 522 554 571 Quapropter
568 532 616 560 cum
632 532 655 560 se
671 530 732 559 mens
748 519 814 566 novit,
830 518 880 559 suh-

94 589 190 628 stantiam
206 600 265 627 suam
281 589 350 635 novit;
366 590 449 627 etcum
465 587 491 627 de
505 599 528 626 se
543 589 599 626 certa
613 588 652 632 est,
669 585 696 624 de
710 584 827 624 substantia
842 596 879 624 sua

94 657 149 694 certa
164 657 202 693 est.
218 653 281 694 Certa
296 656 327 693 est
341 656 411 693 autem
422 653 449 693 de
459 665 489 700 se,
500 653 555 692 sicut
565 652 694 691 convincunt
709 662 733 690 ea
748 662 803 699 quae
815 662 880 699 supra

94 719 149 758 dicta
166 721 221 758 sunt.
241 715 283 766 [Cf.
299 732 319 765 x,
337 719 378 765 xiv,
396 719 482 758 citatum
506 717 545 757 sub
563 713 587 764 ἰ].
606 716 652 756 Nec
668 716 758 755 omnino
775 718 832 755 certa
849 718 880 755 est

94 787 164 824 utrum
180 796 215 823 aer
229 796 254 823 an
271 785 325 833 ignis
339 785 373 831 sit,
389 796 415 823 an
431 783 517 832 aliquod
535 794 613 831 corpus
627 781 660 821 vel
675 781 756 830 aliquid
773 782 878 830 corporis.

95 850 144 889 Non
159 852 189 888 est
205 850 268 897 igitur
282 849 361 898 aliquid
379 860 465 895 eorum;
483 851 595 897 totumque
610 847 661 886 illud
679 847 738 895 quod
755 858 778 886 se
795 846 880 894 jubetur

95 918 117 954 ut
131 915 220 960 noverit,
232 915 258 953 ad
273 915 314 954 hoc
329 915 418 963 pertinet
429 917 451 954 ut
461 916 517 953 certa
527 914 553 953 sit
563 924 606 952 non
617 924 640 952 se
650 924 696 952 esse
709 911 789 961 aliquid
804 923 879 951 eorum

96 981 121 1019 de
136 980 213 1028 quibus
224 981 301 1020 intenta
312 983 349 1027 est,
362 980 426 1029 idque
440 980 509 1019 solum
525 991 571 1018 esse
586 990 608 1018 se
623 981 679 1018 certa
694 979 720 1018 sit
735 978 794 1027 quod
809 978 879 1017 solum

95 1057 141 1084 esse
155 1057 177 1084 se
192 1048 248 1084 certa
262 1048 301 1084 est.
317 1044 351 1084 Sic
361 1046 417 1084 enim
428 1045 507 1093 cogitat
517 1045 588 1092 ignem
604 1046 639 1083 aut
654 1055 732 1090 aerem,
744 1046 764 1083 et
774 1043 880 1092 quidquid

95 1110 151 1148 aliud
166 1110 262 1157 corporis
277 1110 363 1158 cogitat.
380 1110 455 1158 Neque
470 1109 513 1149 ullo
531 1109 597 1148 modo
614 1108 660 1148 lieri
676 1111 749 1157 posset
764 1111 786 1148 ut
801 1109 829 1148 ita
844 1120 879 1148 co-

95 1175 170 1222 gitaret
187 1174 207 1213 id
225 1174 283 1222 quod
302 1175 345 1222 ipsa
364 1177 402 1221 est,
420 1173 603 1222 quemadmodum
621 1173 700 1221 cogitat
718 1173 739 1212 id
757 1173 816 1222 quod
834 1173 879 1222 ipsa

95 1250 137 1278 non
151 1242 207 1278 est...
223 1240 272 1278 Non
288 1251 325 1288 per
340 1239 453 1288 imaginale
463 1239 598 1287 figmentum,
610 1239 664 1278 sicut
674 1239 795 1287 cogitantur
805 1238 880 1278 absen-

95 1304 148 1342 tia...
164 1303 201 1342 sed
217 1303 308 1351 quadam
320 1304 419 1343 interiore
429 1315 471 1343 non
483 1303 580 1343 simulata
590 1303 628 1342 sed
639 1314 687 1342 vera
698 1304 817 1352 praesentia
828 1301 880 1349 (non

95 1369 151 1407 enim
170 1368 286 1417 quidquam
302 1369 330 1408 illi
346 1371 377 1408 est
391 1370 461 1417 seipsa
479 1366 626 1417 praesentius),
642 1369 696 1408 sicut
713 1369 793 1417 cogitat
810 1370 880 1409 vivere

65 1463 67 1465 -
95 1445 125 1479 se,
137 1436 157 1472 et
168 1434 289 1472 meminisse
300 1437 320 1473 et
330 1434 446 1482 intelligere
462 1437 482 1473 et
497 1434 550 1473 velle
564 1446 595 1473 se.
611 1434 676 1473 Novit
687 1434 743 1473 enim
755 1434 807 1474 haec
817 1435 838 1474 in
848 1446 879 1482 se,

96 1509 134 1536 nec
149 1498 276 1545 imaginatur
293 1499 351 1546 quasi
367 1501 424 1537 extra
438 1510 461 1537 se
476 1498 510 1537 illa
527 1510 590 1538 sensu
607 1499 724 1546 tetigerit...
741 1498 846 1548 quidquid
861 1500 879 1539 ei

96 1563 122 1602 de
137 1574 159 1602 se
175 1565 275 1609 remanet,
292 1563 333 1602 hoc
347 1563 417 1602 solum
433 1564 478 1612 ipsa
493 1566 531 1603 est.

149 1628 183 1666 De
200 1627 253 1666 Gen.
270 1627 299 1666 ud
314 1628 354 1667 Lit.
373 1628 418 1674 VII,
436 1629 477 1675 xxi,
495 1629 533 1668 28:
552 1629 597 1668 Nec
614 1629 659 1677 ipsa
678 1625 763 1677 [anima]
782 1628 821 1668 sibi
840 1629 881 1669 tale

97 1692 176 1740 aliquid
193 1688 335 1740 [corporeum]
354 1693 452 1739 occurrit,
468 1705 516 1732 cum
531 1705 554 1733 se
569 1694 649 1733 nescire
667 1705 710 1733 non
726 1695 800 1743 possit,
817 1695 880 1734 etiam

97 1757 183 1804 quando
200 1769 222 1796 se
240 1760 262 1796 ut
279 1760 395 1805 cognoscat
414 1759 507 1806 inquirit.
528 1757 584 1798 Cum
602 1759 658 1798 enim
676 1770 699 1798 se
716 1760 806 1808 quaerit,
822 1761 881 1799 novit

97 1821 155 1868 quod
170 1833 192 1859 se
207 1824 300 1868 quaerat,
312 1822 370 1869 quod
381 1834 444 1861 nosse
454 1834 497 1861 non
508 1825 580 1870 posset
590 1824 606 1862 si
618 1835 694 1863 senon
709 1826 789 1863 nosset.
805 1825 881 1873 Neque

98 1885 153 1923 enim
169 1885 253 1924 aliunde
267 1897 290 1924 se
304 1887 385 1934 quaerit
402 1898 465 1934 qnam
481 1899 493 1926 a
507 1888 584 1935 seipsa.
600 1887 656 1927 Cum
674 1900 726 1937 ergo
743 1892 880 1938 quaerentem

98 1961 120 1988 se
135 1951 200 1995 novit,
212 1962 234 1989 se
249 1951 321 1998 utique
336 1952 407 1998 novit;
423 1948 443 1991 et
458 1963 522 1991 omne
536 1953 595 2000 quod
610 1954 669 1993 novit
683 1956 727 1993 tota
742 1955 808 1994 novit.
824 1954 880 1995 Cum

50 2012 52 2016 '
99 2014 168 2061 itaque
178 2025 200 2053 se
211 2017 346 2062 quaerentem
357 2017 423 2063 novit,
435 2018 479 2055 tota
489 2028 511 2056 se
522 2017 591 2064 novit;
607 2029 659 2066 ergo
670 2020 691 2058 et
700 2021 766 2058 totam
778 2031 800 2058 se
811 2020 880 2066 novit;

99 2090 167 2125 neque
182 2079 237 2117 enim
253 2079 331 2127 aliquid
347 2080 411 2127 aliud,
422 2081 460 2120 sed
472 2082 564 2129 seipsam
575 2084 619 2121 tota
630 2083 714 2123 novit...
731 2083 819 2124 Desinat
829 2097 881 2134 ergo

99 2155 154 2181 nunc
164 2144 246 2198 interim
257 2145 358 2193 suspicari
373 2157 396 2184 se
411 2157 457 2185 esse
472 2158 561 2195 corpus3
577 2148 626 2196 quia
639 2149 655 2187 si
667 2148 747 2197 aliquid
762 2150 803 2189 tale
817 2153 880 2198 esset,

99 2207 161 2246 talem
176 2219 198 2247 se
214 2211 291 2255 nosset,
310 2221 364 2257 quae
382 2211 449 2258 magis
466 2222 488 2250 se
506 2212 565 2251 novit
581 2224 645 2260 quam
663 2213 744 2252 caelum
760 2216 780 2253 et
795 2217 880 2262 terram,

100 2283 153 2319 quae
168 2284 205 2319 per
219 2273 250 2311 sui
266 2274 361 2321 corporis
376 2275 451 2314 oculos
465 2276 531 2315 novit.

152 2335 185 2374 De
202 2336 257 2375 Trin.
276 2336 330 2383 XIV,
346 2338 374 2383 vi.
390 2339 413 2377 8:
432 2339 498 2378 Tanta
515 2341 547 2391 est
564 2342 634 2380 tamen
652 2342 788 2390 cogitationis
804 2344 843 2390 vis.
860 2347 882 2383 ut

100 2410 138 2438 nec
153 2400 197 2447 ipsa
215 2412 274 2439 mens
291 2401 384 2448 quodam
403 2402 469 2441 modo
486 2415 508 2442 se
527 2404 546 2442 in
565 2407 680 2453 conspectu
695 2417 735 2446 suo
753 2410 825 2455 ponat,
842 2408 881 2447 nisi

99 2463 185 2510 qnando
199 2475 222 2503 se
236 2465 325 2512 cogitat3
342 2476 368 2515 ac
381 2477 418 2514 per
432 2465 473 2506 hoc
488 2467 515 2506 ita
530 2467 581 2507 nihil
597 2468 618 2507 in
633 2472 748 2519 conspectu
762 2473 838 2512 mentis
851 2475 882 2513 est

99 2527 138 2567 nisi
153 2528 209 2575 unde
226 2529 338 2577 cogitatur,
354 2532 376 2568 ut
394 2542 432 2569 nec
450 2531 495 2579 ipsa
513 2543 580 2579 mens,
596 2544 638 2581 qua
655 2535 760 2583 cogitatur
777 2536 882 2586 quidquid
