1768 2978
284 135 286 141 ,
317 99 334 134 8.
347 117 354 125 -
367 105 393 133 DE
406 104 489 134 VlSlONE
506 102 619 134 srlulrunlr

116 298 139 342 8.
155 321 163 330 -
181 297 219 341 De
240 297 348 342 visione
369 296 501 366 spirituali
523 295 549 351 (i,
569 307 591 339 e.
608 291 821 348 imaginationis)
856 287 858 290 ⁴

130 426 145 465 i.
160 424 196 465 De
211 426 395 477 imaginatione.
409 429 443 467 De
459 428 515 467 Tria.
532 427 568 473 xl,
582 426 611 472 iii,
622 421 735 470 diuinitas
749 424 861 472 cogitatio

77 491 128 541 nisi:
144 493 201 542 Quia
216 494 279 535 etiam
294 493 386 535 detracta
400 493 471 544 specie
486 491 583 543 corporis
593 502 647 541 quac
662 485 801 540 cbrporaliter
814 499 861 529 sen·

77 561 174 608 tiebatur,
186 563 281 602 remanet
295 561 315 601 in
329 561 432 601 memoria
446 559 563 601 similitudo
578 559 630 606 eius,
647 568 690 607 quo
705 553 777 597 rursus
787 554 862 596 volun-

77 629 109 668 tas
124 629 232 668 convertat
241 628 308 667 aciem
319 629 342 667 ut
352 626 400 667 inde
411 626 514 666 formetur
528 626 661 671 intrinsecus,
672 624 726 663 sicut
736 634 761 663 ex
771 634 862 671 corpore

78 692 163 733 obiecto
177 692 271 732 sensibili
286 704 360 732 sensus
373 692 502 732 extrinsecus
516 690 655 731 formabatur.
666 688 736 738 utque
751 689 778 728 ita
793 688 817 728 iit
827 688 862 736 illa

77 758 158 797 trinitas
173 769 198 797 ex
212 758 323 805 memoria,
339 760 359 798 et
374 760 455 797 interna
469 757 558 803 visione,
570 758 590 796 et
603 767 657 804 quae
672 756 786 803 utrumque
796 765 861 802 copu-

78 822 106 862 lat
120 822 234 863 voluntate.
250 821 318 869 Quae
327 823 365 862 tria
379 834 427 861 curn
443 823 464 861 in
479 827 550 861 unum
560 823 673 869 coguntur,
685 820 711 860 ab
729 820 776 868 ipso
787 822 862 859 coactu

78 888 179 936 cogitatio
194 887 295 927 dicitur...
311 887 352 927 Pro
368 887 402 927 illa
416 887 487 935 specie
501 882 598 935 corporis
612 897 667 934 quae
684 884 814 925 sentiebatur
828 887 877 924 ex-'

77 953 187 998 trinsecus,
198 952 292 991 succedit
306 952 409 991 memoria
419 952 511 991 retinens
522 951 578 990 illam
589 951 682 998 speciem
693 961 757 999 quam
768 947 806 998 per
816 961 862 989 cor-

78 1016 135 1063 poris
150 1027 235 1055 sensum
250 1015 354 1055 combibit
363 1016 445 1062 anima;
461 1006 543 1064 proque
554 1014 588 1054 illa
599 1015 680 1054 visione
691 1026 745 1063 quae
755 1014 808 1053 toris
818 1016 862 1053 erat

77 1091 125 1118 cum
136 1091 210 1119 sensus
221 1092 246 1119 ex
255 1092 346 1127 corpore
360 1080 453 1119 sensibili
468 1079 602 1125 formaretur,
614 1079 708 1119 succedit
721 1079 777 1118 intus
787 1078 862 1118 similis

77 1144 139 1190 visio,
153 1155 201 1182 cum
216 1155 241 1183 ex
256 1155 282 1183 eo
297 1144 355 1192 quod
371 1144 474 1183 memoria
488 1146 553 1190 tenet,
568 1143 672 1183 formatur
686 1144 742 1183 acies
757 1143 830 1189 animi,
842 1144 863 1182 et

77 1208 171 1247 absentia
187 1219 277 1256 corpora
291 1208 422 1256 cogitantur:
434 1207 574 1256 voluntasque
589 1208 660 1256 ipsa...
672 1208 738 1246 aciem
749 1206 862 1247 recordan-

76 1272 182 1313 tisanimi
203 1260 306 1313 convertit
321 1271 347 1312 ad
362 1273 496 1321 memoriam,
512 1274 534 1313 ut
548 1284 574 1312 ex
591 1271 627 1313 illo
642 1271 700 1321 quod
723 1271 758 1312 illa
777 1271 863 1312 retinuit

78 1338 116 1379 ista
130 1338 240 1386 formetur,
256 1341 277 1379 et
291 1339 317 1379 sit
332 1339 352 1378 in
367 1339 497 1388 cogitatione
511 1338 586 1379 similis
603 1339 682 1379 visio...
698 1341 770 1379 tamen
780 1339 810 1379 sic
820 1350 862 1378 una

78 1407 98 1444 et
112 1404 224 1453 singularis
239 1407 333 1453 apparet.
344 1407 367 1444 ut
382 1404 425 1444 duo
440 1404 544 1454 quaedam
560 1416 605 1445 esse
620 1416 663 1444 non
679 1405 812 1444 inveniantur
822 1405 861 1444 nisi

78 1468 183 1508 iudicante
204 1469 311 1508 ratione...
333 1469 370 1508 sed
392 1469 502 1517 utriusque
523 1470 653 1515 coniunctio,
670 1470 683 1508 i.
700 1482 719 1509 e.
735 1470 780 1508 eius
797 1480 862 1517 quarn

78 1533 181 1573 memoria
201 1535 265 1579 tenet,
281 1534 361 1573 eteius
376 1545 430 1582 quae
445 1533 494 1574 inde
508 1534 632 1583 exprimitur
646 1536 670 1574 ut
684 1534 788 1574 formetur
807 1535 862 1573 acies

78 1597 215 1643 recordantis,
231 1597 280 1645 quia
294 1597 415 1637 simillimae
429 1600 484 1645 sunt,
501 1599 558 1637 velut
572 1610 636 1637 unam
651 1599 701 1638 iacit
715 1610 825 1648 appareret

131 1660 185 1700 lbid.
202 1662 229 1708 iv,
244 1663 267 1701 7:
283 1661 349 1707 Quod
364 1673 415 1710 ergo
428 1665 459 1702 est
469 1662 496 1702 ad
506 1663 603 1711 corporis
617 1674 703 1703 sensum
718 1662 806 1712 aliquod
817 1675 862 1703 cor-

78 1736 118 1772 pus
133 1725 154 1764 in
168 1724 225 1772 loco,
236 1725 277 1764 lroc
292 1728 323 1765 est
337 1726 364 1764 ad
378 1726 442 1765 animi
458 1727 524 1766 aciem
539 1726 657 1766 similitudo
672 1728 768 1775 corporis
783 1729 804 1767 in
819 1738 863 1767 me·

78 1789 157 1835 moria;
173 1791 193 1828 et
203 1789 261 1836 quod
272 1791 303 1828 est
313 1790 433 1837 aspicientis
447 1790 501 1829 visio
516 1791 542 1829 ad
557 1802 603 1830 eam
618 1791 711 1839 speciem
726 1792 823 1840 corporis
838 1804 864 1831 ex

79 1863 120 1900 qua
135 1863 209 1891 sensus
223 1852 333 1898 formatur.
347 1852 389 1892 hoc
403 1855 434 1892 est
448 1854 502 1893 visio
517 1854 630 1902 cogitantis
645 1855 671 1893 ad
686 1852 806 1903 imaginem
817 1867 863 1895 cor-

53 1962 54 1965 *
79 1916 138 1965 poris
153 1916 173 1955 in
188 1917 291 1955 memoria
306 1917 449 1964 constitutam,
465 1929 491 1957 ex
505 1929 546 1966 qua
560 1918 664 1958 formatur
678 1920 734 1959 acies
749 1920 822 1959 animi.

133 1984 167 2024 De
182 1982 235 2024 Oen.
251 1982 280 2023 ad
293 1982 333 2023 Lit.
349 1982 394 2030 ΧΙΙ,
410 1983 445 2032 xii,
461 1985 498 2025 25:
521 1983 559 2025 sed
581 1996 629 2025 cum
652 1985 771 2035 vigilantes,
793 1998 863 2037 neque

79 2052 151 2091 mente
165 2061 177 2089 a
191 2049 287 2090 sensibus
302 2061 398 2099 corporis
412 2050 501 2091 alienata
516 2051 536 2091 in
551 2052 633 2092 visione
655 2053 760 2102 corporali
780 2065 862 2102 sumus,

80 2116 220 2156 discernimus
234 2115 260 2155 ab
275 2127 299 2155 ea
314 2116 416 2156 visionem
439 2117 578 2165 spiritualem,
596 2129 638 2166 qua
657 2130 748 2168 corpora
769 2119 864 2161 absentia

81 2180 221 2229 imaginaliter
235 2182 361 2230 cogitamus,
377 2181 421 2221 sive
435 2182 558 2222 memoriter
579 2183 714 2224 recordantes
731 2196 785 2233 quae
805 2185 864 2225 novi·

80 2257 139 2293 mus;
154 2246 198 2285 sive
219 2257 273 2294 quae
294 2257 337 2285 non
359 2247 465 2293 novimus,
481 2249 501 2287 et
515 2249 585 2287 tamen
607 2250 663 2296 sunt,
679 2249 700 2289 in
716 2249 761 2298 ipsa
778 2251 864 2299 spiritus

80 2311 210 2359 cogitatione
231 2312 345 2359 utcumque
367 2311 493 2358 formantes;
508 2312 552 2352 sive
574 2315 736 2362 quae'omnino
758 2326 863 2365 nusquam

79 2378 130 2414 sunt
145 2386 183 2424 pro
203 2375 290 2414 arbitrio
304 2375 336 2415 vel
352 2376 475 2424 opinatione
496 2376 609 2425 fingentes.
624 2377 658 2417 Ab
672 2378 705 2419 his
720 2379 821 2421 omnibus
833 2382 865 2421 ita

80 2439 221 2478 discernimus
235 2439 270 2478 illa
284 2439 402 2487 corporalia
416 2451 470 2487 quae
485 2440 582 2481 videmus
596 2444 616 2482 et
631 2443 652 2481 in
667 2443 745 2491 quibus
759 2448 808 2484 sunt
817 2457 864 2485 sen-

80 2513 117 2541 sus
131 2503 228 2550 corporis
248 2503 322 2548 nostri,
338 2505 361 2542 ut
375 2514 418 2542 non
434 2502 556 2543 dubitemus
570 2505 622 2545 baec
636 2517 682 2546 esse
703 2519 802 2557 corpora,
819 2509 865 2549 illas

80 2577 132 2605 vero
147 2577 250 2614 imagines
264 2577 389 2614 corporum
