1768 2978
114 65 320 111 15.-1nnorrann,
336 75 435 113 aeream,
455 79 555 109 nruaraus
572 80 707 110 nnnrrcnnrn
780 74 803 109 45

17 185 69 220 tract.
86 177 156 220 'rusius
176 184 315 221 reminiscentia
334 185 431 223 Platonica
449 188 544 234 refutatur,
563 190 593 225 De
614 191 663 226 Tria.
682 191 722 236 Xll,
739 202 769 226 xv.
784 191 803 226 ln

17 243 99 283 Retract.
113 243 126 288 l,
139 243 206 293 viii,2,
219 244 318 289 repudiata
330 245 367 281 vita
380 248 487 292 praenatali,
500 249 518 283 et
530 250 600 293 negato
613 249 695 285 animam
711 250 804 285 nascentis

18 313 83 352 secum
102 303 176 339 adferre
189 314 221 339 eas
240 305 288 340 artes
301 314 351 351 quae
364 305 388 345 ad
405 316 482 342 sensum
502 309 588 353 corporis
606 309 704 353 pertinent,
723 309 805 355 explicat

18 362 119 408 quomodo
132 373 180 408 puer
192 359 420 409 Menonis‘interrogatus
429 365 453 400 de
465 366 570 411 geometria
582 369 632 403 recte
645 368 761 413 respondere
770 379 804 413 po-

17 421 81 458 tnerit:
96 421 157 467 «quia
170 420 247 467 [animal
261 423 328 458 natura
344 423 466 469 intelligibilis
479 427 512 469 est,
526 427 544 460 et
556 425 674 473 connectitur
688 437 728 462 non
741 427 804 462 solum

18 480 174 525 intelligibilibus,
186 475 252 516 verum
272 481 328 517 etiam
347 482 497 519 immutabilibus
516 484 578 528 rebus,
591 495 615 519 eo
632 485 699 520 ordine
718 486 772 529 tacta,
786 488 806 521 nt

18 550 62 575 cum
75 550 96 575 se
108 540 132 575 acl
146 550 178 575 eas
192 551 221 576 res
234 542 298 576 movet
311 540 381 586 quibus
394 552 481 577 connexa
494 544 527 584 est,
536 543 564 578 vel
578 543 601 578 ad
617 543 700 589 seipsam
713 544 732 579 in
745 554 805 590 qnan-

18 600 59 634 tum
72 608 104 634 eas
116 598 173 641 videt,
185 598 205 635 in
217 599 290 635 tantum
304 600 328 635 de
341 599 370 648 his
383 610 426 636 vera
439 601 577 646 respondeat».
809 634 811 638 .

66 655 87 692 b.
101 656 215 693 Constantes
228 658 307 694 assernit
326 659 449 705 cogntionem
468 661 558 703 nostram,
571 660 637 696 saltem
654 661 805 705 intellectualem,

18 717 58 752 iure
71 717 177 762 nuncupari
190 718 294 763 quamdam
307 718 422 754 memoriam.
431 717 490 760 Quod
503 720 554 754 totus
568 720 656 755 tractatus
669 719 700 755 De
707 720 805 764 Magistro

17 775 107 812 inculcat:
122 790 130 805 r
138 778 206 812 cuncta
218 787 268 822 quae
280 777 316 813 illis
329 777 391 813 verbis
404 777 509 823 significata
521 779 570 821 sunt,
584 778 602 813 in
616 781 680 814 nostra
693 778 759 814 notitia
768 779 805 814 iarn

18 834 93 870 luisse»
107 833 140 879 (xi,
153 834 193 880 37);
206 835 312 872 auditorem
328 850 335 865 r<
344 846 402 872 nosse
415 837 467 882 quod
483 837 527 873 dico
540 847 575 873 sna
588 837 754 882 contemplatione,
767 848 812 877 non,
865 850 868 856 ’

19 894 81 931 verbis
95 895 157 931 meis»
173 894 213 940 (xii,
226 894 266 940 39);
276 894 315 932 nos
329 910 337 925 «
346 906 441 941 nusquam
455 894 511 942 igitur
524 897 596 933 discere
606 912 613 927 ³>
623 895 663 942 (xii,
671 896 708 942 40).
715 897 746 933 De
756 896 807 933 Tria.

18 954 67 999 Vlll,
80 955 104 999 vi,
118 955 137 991 9:
153 969 160 984 <r
169 955 189 990 ln
203 955 259 991 nobis
277 955 334 1001 igitur
352 955 441 991 novimus
454 956 500 1002 quid
513 956 536 993 sit
548 956 615 992 iustus.
631 957 675 992 Non
695 957 745 992 eninr
762 956 807 993 alibi

19 1015 57 1051 boc
70 1014 146 1050 invenio
160 1025 204 1050 cunr
217 1025 289 1060 quaero
302 1016 322 1051 ut
335 1015 372 1051 hoc
389 1015 473 1061 eloquar,
487 1014 522 1051 nisi
536 1015 586 1061 apud
602 1015 697 1062 meipsum
706 1028 724 1059 »ς
738 1015 769 1061 lX,
782 1015 807 1060 iii,

18 1075 38 1110 3:
54 1089 61 1103 r<
70 1074 127 1110 lllens
140 1084 192 1120 ergo,
206 1074 254 1110 sicut
266 1084 402 1119 corporearum
420 1085 482 1111 rerum
501 1075 576 1111 notitias
590 1085 703 1120 persensus
722 1076 807 1120 corpon's

19 1133 96 1179 colligit,
109 1134 137 1169 sic
149 1133 305 1179 incorporearum
319 1145 353 1180 per
364 1135 492 1180 semetipsam.
506 1134 557 1180 Ergo
570 1134 691 1179 semetipsam
705 1145 738 1179 per
751 1145 771 1170 se
780 1134 807 1179 ip-

19 1204 60 1229 sam
74 1193 131 1238 novit,
145 1194 237 1238 quoniam
250 1195 279 1229 est
291 1193 404 1240 incorporea
412 1208 427 1229 a.
436 1193 465 1229 De
474 1194 516 1239 ipso
526 1193 569 1229 Deo
582 1194 678 1230 habitante
687 1194 705 1229 in
716 1194 807 1229 memoria

20 1254 85 1288 nostra
97 1252 120 1288 cl.
135 1252 193 1297 Conf.
206 1254 229 1297 ll,
242 1264 286 1289 xxv.

24 1306 41 1346 '„
67 1321 87 1347 c.
101 1313 121 1347 ln
134 1312 165 1348 De
179 1312 229 1348 Tria.
243 1312 266 1356 Χ,
279 1313 290 1356 i,
303 1312 345 1348 tuse
358 1313 440 1359 explicat
455 1328 462 1342 a<
470 1312 528 1348 amari
548 1312 619 1358 aliquid
632 1312 668 1348 nisi
685 1314 751 1348 notum
767 1323 805 1348 non
841 1344 843 1346 .

19 1382 77 1417 posse
85 1384 100 1415 »ς
113 1371 165 1407 unde
184 1372 270 1417 sequitur
289 1372 389 1418 plerasque
403 1383 438 1408 nos
452 1372 522 1408 habere
541 1372 616 1408 notitias
636 1371 735 1417 implicitas
748 1374 766 1407 et
779 1372 805 1407 in-

19 1431 117 1467 conscias:
133 1446 140 1461 r<
149 1431 184 1467 nisi
198 1432 279 1467 breviter
297 1432 409 1477 impressam
428 1431 521 1475 cuiusque
540 1430 637 1467 doctrinae
656 1431 769 1474 haberemus
786 1430 805 1466 in

20 1491 84 1527 animo
94 1491 199 1534 notionem,
208 1491 261 1526 nullo
270 1491 294 1527 ad
304 1502 346 1528 earn
355 1491 466 1527 discendam
478 1490 541 1526 studio
550 1490 689 1536 flagraremus.»
700 1490 729 1525 De
738 1490 804 1525 eadem
825 1485 827 1489 ’

20 1562 45 1595 re,
59 1551 107 1596 lllV,
121 1551 150 1595 vii,
160 1550 182 1587 9:
197 1566 204 1580 «
214 1551 264 1587 liinc
277 1551 404 1591 admonemur
417 1561 459 1586 esse
471 1550 490 1585 in
504 1550 560 1586 nobis
573 1550 591 1585 in
605 1549 670 1586 abdito
683 1550 750 1585 mentis
760 1560 805 1595 qua-

20 1611 101 1647 rundam
120 1622 183 1647 rerum
202 1610 296 1657 quasdam
315 1610 396 1654 notitias,
410 1612 428 1646 et
441 1612 486 1645 tunc
505 1609 651 1655 quodammodo
670 1609 773 1654 procedere
786 1608 804 1643 in

20 1670 111 1715 medium,
120 1672 177 1716 atque
190 1670 209 1706 in
222 1673 326 1716 conspectu
340 1670 408 1705 mentis
421 1669 472 1705 velut
485 1669 566 1714 apertius
579 1668 673 1712 constitui,
687 1668 765 1713 quando
774 1678 805 1703 co-

20 1729 107 1775 gitantur.
115 1757 131 1765 ..
145 1729 234 1775 Denique
247 1731 297 1765 recte
305 1729 329 1764 ab
339 1739 362 1764 eo
372 1728 404 1773 qui
418 1729 561 1771 commemorat,
570 1727 586 1763 ei
596 1738 653 1773 quem
669 1729 805 1763 commemorat

20 1788 97 1825 dieitur:
111 1788 151 1824 Scis
160 1789 203 1832 hoc,
212 1788 246 1823 sed
255 1788 302 1823 scire
311 1790 329 1823 te
338 1788 411 1830 nescis,
424 1786 587 1830 commemorabo,
596 1788 614 1822 et
622 1786 706 1821 invenies
719 1787 737 1821 te
746 1785 805 1820 scien-

19 1850 58 1883 tem
71 1847 125 1892 quod
138 1849 156 1882 te
169 1846 241 1882 nescire
260 1848 365 1891 putaveras.
379 1846 399 1881 ld
412 1846 471 1891 agunt
484 1848 502 1880 et
515 1845 591 1888 litterae,
604 1855 653 1890 quae
666 1844 690 1880 de
703 1844 732 1879 liis
749 1844 805 1879 rebus

20 1907 139 1951 conscriptae
158 1907 207 1949 sunt,
220 1915 268 1950 quas
282 1915 311 1940 res
324 1904 373 1940 duce
386 1904 458 1939 ratione
477 1914 530 1945 veras
543 1914 585 1939 esse
598 1903 668 1939 invenit
688 1903 757 1938 lector:
770 1912 805 1937 nos

20 1976 68 2011 quas
81 1976 135 2002 veras
148 1976 190 2001 esse
203 1964 261 2000 credit
274 1965 290 1999 ei
304 1964 336 2010 qui
353 1963 431 2009 scripsit,
444 1964 492 1999 sicut
511 1963 579 2008 legitur
597 1962 686 2005 bistoria;
705 1962 739 1997 seri
759 1971 806 2006 quas

20 2035 73 2061 veras
86 2035 128 2061 esse
141 2025 196 2060 etiam
216 2024 257 2069 ipse
276 2023 353 2065 invenit,
369 2023 409 2058 sive
427 2022 478 2067 apud
492 2033 518 2066 se,
533 2022 572 2057 sive
585 2022 658 2067 inipsa
677 2021 745 2057 mentis
764 2021 806 2055 luce

20 2085 121 2120 veritate-21.

84 2250 117 2290 15.
131 2272 138 2280 ·
155 2247 325 2296 lmmutabilia,
340 2248 448 2294 aeterna,
462 2245 575 2298 pluribus
590 2245 742 2297 participata.

76 2363 90 2402 i.
106 2353 278 2410 immutabilia,
293 2362 417 2401 aeterna·
432 2362 466 2402 De
478 2362 534 2402 Tria.
546 2361 591 2407 Xll,
603 2362 644 2406 xiv.
655 2361 693 2400 23:
705 2361 805 2409 adquam

23 2428 164 2480 [sapientiam]
181 2431 286 2480 pertinent
305 2441 329 2469 ea
344 2440 398 2477 quae
408 2439 447 2467 nec
457 2427 603 2472 tueruntjnec
613 2425 682 2465 lutura
697 2428 752 2471 sunt,
769 2426 806 2464 sed

21 2499 77 2543 sunt,
94 2499 114 2536 et
129 2498 216 2546 propter
231 2506 277 2542 eam
293 2493 436 2534 aeternitatem
452 2492 472 2531 in
488 2502 529 2540 qua
543 2493 599 2536 sunt,
616 2492 637 2530 et
650 2491 715 2529 fuisse
725 2493 746 2530 et
760 2501 807 2529 esse

22 2564 43 2601 et
57 2561 127 2602 lutura
142 2572 188 2601 esse
203 2561 309 2605 dicuntur,
327 2559 372 2597 sine
389 2556 430 2596 ulla
445 2555 583 2595 mutabilitate
605 2558 734 2603 temporum,
757 2555 806 2594 Non
